2430 3832
92 165 136 229 32
160 163 438 221 PROLEGOMENA
448 163 498 217 AD
514 163 734 222 COMOEDLAM
747 165 795 221 DE
810 166 951 223 NVN'PIO
967 166 1110 225 SAGACI.

158 329 403 413 Francogalliae
418 328 581 413 quandam
595 327 697 393 fuisse
716 329 892 414 regionem,
910 329 945 392 in
960 350 1024 412 qua
1038 350 1108 394 car-

93 439 168 481 men
186 420 336 481 nostrum
355 421 464 482 ortum
483 417 540 499 sit,
559 438 756 500 quamquam
775 418 884 482 nescio
903 439 982 481 num
1000 417 1036 480 in
1049 416 1110 481 illa

92 506 168 570 libri
191 505 342 590 impressi
366 507 419 570 uel
447 527 545 569 manu
571 505 685 588 scripti
709 508 849 590 exstent,
877 508 988 570 tamen
1012 506 1108 570 eredo

91 597 264 679 propterea
296 594 381 678 quod
409 592 520 657 ‘stare'
550 592 751 678 quinquies1)
784 594 831 658 ita
864 593 1036 658 adhibetur
1070 597 1108 658 ut

92 705 227 767 prorsus
251 682 336 746 idem
361 681 522 767 significet
549 685 645 766 atque
669 680 774 764 ‘esse'‚
802 703 875 746 cum
897 682 931 746 in
955 681 1108 746 omnibus

92 772 160 835 fere
183 771 304 857 linguis
328 770 602 855 Romanensibus‚
631 769 792 854 imprimis
816 792 893 835 uero
921 770 956 833 in
977 769 1108 835 franco·

93 860 212 945 gallica
245 859 369 924 formae
402 859 561 943 quaedam
593 858 686 924 uerbi
722 855 953 944 substantiui²)
990 858 1107 923 ductae

93 948 159 1012 sint
186 970 225 1012 ex
251 949 352 1012 uerbo
380 947 501 1013 ‘stare’.
552 947 688 1012 Accedit
715 947 801 1031 quod
827 947 982 1031 pleraque
1009 946 1107 1012 huius

91 1037 219 1121 generis
243 1036 386 1102 earmina
409 1037 444 1101 in
465 1035 697 1121 Francogallia
721 1039 794 1100 orta
818 1057 889 1100 esse
914 1035 1041 1100 scimus.

158 1142 207 1206 De
226 1143 322 1206 titulo
343 1142 457 1207 deinde
475 1141 572 1205 huius
591 1140 722 1205 fabulae
742 1141 835 1205 ualde
850 1140 999 1205 dubitare
1018 1141 1107 1225 lieet,

92 1251 165 1294 eum
192 1230 227 1293 in
256 1231 397 1314 epistula
424 1230 483 1294 illa
511 1229 670 1293 amatoria
697 1229 813 1293 titulus
842 1251 908 1294 non
935 1227 1108 1317 legatur³)‚

90 1318 127 1380 in
144 1315 177 1381 H
197 1322 229 1381 et
243 1316 277 1381 M
297 1323 329 1382 et
346 1320 381 1383 in
399 1319 551 1403 catalogo
566 1316 896 1398 Bordesholmiensi4)
911 1317 1107 1401 inscriptum

91 1405 135 1470 sit
159 1404 210 1470 ‘de
232 1407 347 1471 nuntio
372 1407 494 1492 sagaci'
519 1409 577 1470 aut
601 1403 651 1470 ‘de
671 1406 782 1492 sagaci
799 1404 937 1489 nuntio',
959 1407 994 1469 in
1012 1406 1106 1472 libris

91 1494 343 1579 manuscriptis
367 1496 516 1560 omnibus
540 1531 577 1541 -
600 1493 700 1558 etiam
724 1495 759 1559 in
777 1493 1049 1559 Halberstadensi
1072 1498 1107 1560 et

92 1580 275 1648 Mellieensi
293 1621 335 1629 -
356 1587 389 1648 et
408 1583 494 1668 apud
513 1582 686 1669 Hugonem
702 1583 986 1667 Trimbergensem
1002 1583 1106 1647 nomi-

91 1674 188 1736 netur
202 1670 311 1736 ‘Liber
324 1670 519 1757 puellarum’
540 1673 607 1737 siue
622 1670 769 1737 ‘Ouidius
783 1669 984 1755 puellarum'.
1021 1669 1106 1736 Vter

93 1759 209 1824 titulus
233 1761 353 1826 rectior
376 1761 432 1845 sit,
458 1760 535 1825 hinc
558 1759 727 1824 diiudicari
753 1761 881 1845 nequit3
910 1764 944 1824 at
967 1759 1105 1825 sirecte

93 1849 195 1911 statui
212 1870 265 1912 uu.
286 1850 394 1915 1-34
412 1853 527 1933 postea
545 1871 584 1913 ex
603 1847 790 1932 ‘Pamphili’
811 1847 956 1932 exemplo
975 1847 1104 1914 additos

94 1956 174 2018 esse,
201 1935 347 2001 ‘Ouidius
374 1936 569 2021 puellarum'
602 1935 759 2020 genuinus
791 1935 907 2000 titulus
941 1957 1011 2001 esse
1038 1959 1107 2002 non

92 2026 215 2105 potest,
246 2025 364 2108 quippe
392 2024 448 2108 qui
471 2024 586 2089 duetus
610 2025 654 2087 sit
682 2045 721 2087 ex
743 2025 894 2109 catalogo
921 2024 1106 2108 puellarum

93 2132 175 2195 quae
198 2111 233 2175 in
255 2112 306 2175 his
325 2112 474 2177 uersibus
493 2115 731 2177 enumerantur.
768 2112 914 2176 Praetuli
932 2113 1034 2198 igitur
1053 2112 1106 2179 ‘de

91 2199 206 2264 nuntio
231 2200 354 2286 sagaci'
377 2201 440 2265 hae
464 2222 590 2285 quoque
615 2200 654 2264 de
673 2223 780 2285 eausa,
803 2201 887 2284 quod
911 2202 958 2266 sic
981 2202 1105 2286 optime

91 2289 284 2372 exprimitur
312 2293 540 2376 argumentum
571 2287 701 2354 fabulae
733 2290 769 2353 in
797 2311 862 2373 qua
889 2292 1016 2354 astutus
1048 2290 1105 2355 ille

90 2379 223 2444 nuntius
244 2379 313 2444 sine
332 2378 432 2444 dubio
452 2378 575 2464 priores
596 2378 666 2464 agit
686 2382 813 2461 partes,
837 2381 869 2442 et
887 2379 969 2442 bene
989 2377 1105 2443 discer-

89 2467 180 2531 nitur
196 2468 277 2534 haec
297 2467 463 2534 comoedia
482 2468 523 2531 ab
542 2467 600 2532 illa
615 2488 698 2551 quae
715 2470 765 2531 est
778 2465 830 2530 ‘de
843 2466 949 2531 tribus
964 2465 1104 2550 puellis'.

157 2553 278 2629 Quanti
301 2560 411 2620 autem
435 2555 498 2620 hoc
520 2577 639 2639 poema
662 2553 899 2620 aestimandum
923 2554 967 2617 sit
989 2558 1103 2621 nostro

91 2664 186 2725 aeuo,
209 2664 367 2728 exponere
390 2643 482 2725 nolo;
505 2643 562 2706 sed
584 2643 734 2726 interest,
757 2644 870 2728 quanti
894 2642 1103 2708 aestimatum

90 2730 135 2794 sit
157 2730 273 2794 medio.
319 2729 368 2796 Ac
391 2730 532 2814 primum
556 2729 686 2814 quidem
709 2752 748 2794 ex
772 2730 912 2815 epistula
931 2730 991 2795 illa
1014 2753 1102 2796 ama·

91 2817 177 2882 toria
194 2818 280 2883 inter
296 2818 428 2884 notiora
446 2818 590 2882 carmina
606 2817 707 2883 fuisse
726 2820 843 2903 elucet,
867 2820 943 2903 quia
962 2820 1103 2905 scriptor

90 2906 125 2970 in
148 2906 263 2992 primis
287 2907 405 2971 litteris
429 2906 598 2972 enotandis
622 2907 785 2990 aequieuit
807 2908 1011 2973 notissimum
1031 2931 1103 2973 uer-

92 3017 164 3060 sum
193 2997 239 3061 sic
268 2996 348 3060 satis
372 2995 507 3061 indicari
531 2999 632 3061 ratus.
674 2993 819 3070 Quocum
848 2996 1010 3062 consentit
1035 2996 1102 3062 Hu-

161 3245 187 3311 1)
207 3241 271 3296 uide
289 3259 335 3295 uu.
359 3244 417 3295 150.
438 3241 684 3311 152.[186.]212.
706 3248 766 3299 274.
785 3246 845 3296 aar.

160 3315 188 3379 2)
212 3313 246 3367 cf.
270 3311 351 3380 Dian,
380 3310 503 3366 Gramm.
533 3312 560 3366 d.
587 3327 693 3367 roman.
717 3311 874 3382 Spraohen⁶
900 3331 927 3382 p.
953 3318 1013 3368 505.
1038 3318 1099 3368 530.

86 3387 255 3519 Μαθῗθὲἆθ
271 3455 380 3509 amors’
401 3469 436 3508 ne
456 3470 520 3510 cum
534 3452 653 3509 ‘Ouidii’
674 3453 836 3524 coniungas,
850 3454 898 3508 sed
913 3469 977 3508 cum
997 3453 1099 3509 ‘dieit’.

140 3522 174 3585 4)
189 3522 350 3593 Serapeum
370 3527 399 3582 X
418 3531 461 3583 53.
