2430 3832
111 167 156 232 28
178 164 454 223 PROLEGOMENA
467 166 517 220 AD
532 165 751 222 COMOEDIAM
764 165 813 220 DE
827 164 968 220 NVNTIO
985 164 1125 222 SAGACI.

112 330 168 414 qui
205 329 322 395 dicitur
357 329 552 394 urbanitatis
588 350 820 412 nonnunquam
858 327 998 393 occurrit
1033 330 1124 394 uelut

177 506 340 571 Existimo
364 506 465 591 igitur
483 504 671 590 ‘Pamphili’
691 505 817 570 auctori
834 504 996 590 placuisse
1014 505 1124 570 dolum

111 596 205 660 illum
227 595 333 659 nuntii
357 595 494 680 sagacis,
517 615 613 678 quem
635 616 809 678 quamqam
829 615 909 678 opus
928 614 1004 657 non·
1018 593 1126 678 fuerit,

111 688 223 749 tamen
250 682 386 748 carmini
413 704 471 747 suo
498 682 688 767 inseruerit,
716 683 763 747 ita
790 685 828 746 ut
853 702 956 766 pauca
978 686 1125 747 mutaret

111 773 164 838 uel
178 773 214 837 in
228 773 428 837 contrarium
447 774 660 837 conuerteret.
692 769 875 836 Velutillio
888 794 918 835 u.
935 769 1000 834 124
1013 771 1125 853 puella

110 883 151 926 ne
180 860 257 945 quid
281 859 393 925 amicis
416 860 543 924 dicatur
566 863 672 945 optat,
699 860 753 924 hic
777 857 888 944 (XXII
913 856 948 945 1)
972 862 1065 941 optat
1087 863 1125 924 ut

111 949 252 1034 dicatur3
280 948 348 1013 illic
369 949 502 1013 nuntius
526 949 769 1034 sagacissimus,
797 948 854 1032 qui
875 951 987 1012 utrum
1010 968 1124 1012 seruus

110 1038 237 1102 iuuenis
256 1037 354 1102 fuerit
373 1059 414 1101 an
433 1037 555 1102 amicus
574 1037 608 1100 in
626 1037 731 1101 medio
751 1036 954 1119 relinquitur,
971 1035 1024 1100 hic
1043 1058 1124 1100 anus

112 1126 336 1192 sordidissima
349 1125 564 1209 interpretum
577 1129 687 1210 partes
703 1128 927 1209 susceperunt;
945 1123 999 1188 hie
1013 1124 1126 1208 puella

110 1215 255 1279 nobilior
278 1213 439 1297 ditiorque
462 1217 513 1278 est
534 1213 665 1298 iuuene,
688 1213 756 1278 illic
778 1213 889 1277 iuueni
910 1212 1066 1278 nobilitas
1091 1217 1124 1278 et

111 1302 246 1366 diuitiae
261 1301 488 1366 adscribuntur
503 1298 656 1388 (Pamph.
669 1300 703 1367 Il
716 1302 849 1367 23-26
865 1304 897 1365 et
911 1297 952 1366 N.
967 1299 998 1366 S.
1013 1323 1064 1365 uu.
1080 1302 1124 1366 90

112 1395 145 1455 et
163 1388 236 1542 ffldl
253 1391 322 1456 illic
339 1391 421 1454 bene
440 1390 569 1455 additur
586 1390 694 1455 uicina
712 1390 770 1455 illa
789 1412 871 1474 quae
890 1411 1011 1454 uocans
1028 1389 1124 1475 fingi·

111 1477 197 1564 tur(
225 1475 299 1564 IV),
321 1479 374 1543 hio
398 1477 554 1543 ‘nuntius'
578 1501 676 1544 causa
698 1500 764 1543 non
788 1479 894 1544 edicta
917 1477 1037 1542 ‘innuit
1054 1477 1123 1543 ire'.

112 1565 167 1632 Sic
185 1572 284 1653 poeta
301 1567 458 1632 nonnulla
477 1568 618 1632 mutauit
637 1572 694 1633 aut
712 1568 852 1632 correxit
871 1571 903 1631 et
923 1567 1124 1651 elegantiora

111 1655 265 1740 reddidit,
292 1657 349 1721 sed
376 1656 540 1721 imitatum
568 1678 641 1721 eum
670 1677 740 1720 esse
769 1653 931 1720 ‘nuntium
960 1655 1122 1739 sagacem'

112 1744 260 1828 equidem
274 1767 334 1829 pro
349 1748 438 1810 certo
452 1745 565 1810 habeo.
597 1743 753 1810 Fortasse
766 1744 843 1808 hinc
858 1765 985 1827 quoque
999 1742 1124 1809 factum

112 1836 163 1897 est
185 1837 223 1897 ut
244 1834 279 1897 in
301 1834 362 1899 hae
382 1834 548 1899 comoedia
571 1836 622 1898 tot
640 1833 716 1897 rimi
734 1833 888 1919 legantur
908 1835 988 1916 quot
1006 1833 1040 1896 in
1059 1833 1126 1898 alia

111 1921 212 1986 nulla.
235 1920 414 1986 Numeraui
428 1921 513 1985 enirn
532 1923 567 1986 in
586 1921 727 1986 editione
743 1920 958 1987 Goldastiena
972 1920 1038 1986 240
1056 1922 1124 1986 fere

111 2030 225 2072 uersus
248 2008 283 2071 in
306 2009 422 2092 quibus
445 2009 519 2073 finis
542 2010 692 2074 concinat
720 2010 774 2074 uel
802 2012 934 2075 assonet
958 2030 1032 2074 cum
1055 2032 1125 2075 eae-

113 2118 188 2162 sura
216 2097 459 2180 semiquinaria,
492 2118 588 2180 quem
619 2119 791 2163 numerum
819 2102 949 2164 auctum
977 2097 1019 2162 iri
1047 2099 1124 2184 scio,

113 2206 185 2250 cum
210 2184 423 2270 ‘Pamphilus'
447 2186 635 2251 emendatus
659 2186 721 2251 erit
744 2209 783 2251 ex
806 2186 878 2251 HM
902 2187 1004 2252 libris.

180 2272 215 2339 Si
237 2295 315 2339 uero
338 2278 425 2339 recte
448 2275 550 2340 statui
573 2273 758 2341 ‘denuntio
778 2275 899 2362 sagaci'
924 2276 1125 2342 comoediam

112 2361 302 2448 ‘Pamphili'
330 2364 455 2428 auctori
482 2364 667 2448 exemplum
696 2363 797 2430 fuisse
825 2386 863 2429 ac
890 2365 1029 2449 fontem,
1057 2388 1124 2430 non

112 2453 218 2517 minus
247 2452 352 2517 simile
380 2453 448 2517 ueri
476 2456 526 2517 est
556 2454 585 2517 ei
611 2453 695 2517 nihil
722 2454 757 2517 in
784 2453 932 2518 manibus
960 2452 1062 2518 fuisse
1086 2455 1124 2519 de

112 2542 261 2605 uersibus
283 2541 350 2605 illis
374 2542 429 2623 qui
448 2542 482 2605 in
500 2539 574 2605 HM
592 2563 659 2606 non
682 2542 844 2628 leguntur.
880 2540 933 2606 An
953 2543 982 2606 si
999 2542 1125 2626 fuisset,

112 2633 210 2713 putas
238 2649 312 2693 eum
337 2629 511 2693 terminum
535 2631 670 2695 eundem
693 2629 856 2696 facturum
883 2629 984 2694 fuisse
1008 2631 1064 2713 qui
1087 2631 1124 2695 fit

112 2717 147 2780 in
161 2714 288 2780 ‘nuntio
303 2715 423 2800 sagaci’
443 2738 540 2781 uersu
559 2718 647 2784 285?
676 2718 791 2783 Puella
808 2718 932 2784 factum
951 2719 1036 2802 quod
1055 2740 1124 2782 mu-

112 2804 179 2868 tari
196 2805 309 2888 nequit
327 2825 429 2888 aequo
448 2803 514 2869 fert
533 2806 651 2890 animo,
670 2829 743 2872 cum
761 2807 828 2872 illie
841 2806 975 2892 nuptiae
993 2807 1121 2872 futurae

112 2960 182 3030 eleg.
198 2979 225 3030 p.
240 2965 288 3023 203
309 2959 432 3028 Cloetta‚
451 2960 584 3031 Beitrage
603 3004 609 3017 .
629 2998 635 3011 ·
656 3002 663 3015 .
684 3005 690 3017 .
709 2982 736 3033 p.
758 2969 874 3032 156sq.;
893 2963 926 3018 E.
941 2964 1029 3034 Voigt
1045 2964 1076 3018 in
1094 2965 1123 3020 Z.

112 3029 131 3087 f.
151 3031 179 3088 d.
197 3032 230 3088 A.
248 3030 352 3084 XXXV
375 3031 441 3089 Ana.
465 3050 492 3101 p.
512 3039 555 3088 10.
592 3033 705 3088 Adnoto
727 3034 757 3088 in
775 3033 887 3089 Ioannis
907 3033 1123 3090 Saresberiensis

111 3100 244 3171 Metalog.
266 3101 315 3157 lib.
334 3102 373 3157 IV
396 3119 457 3184 cap.
478 3108 512 3159 30
535 3103 590 3174 (ed.
610 3103 687 3159 Giles
710 3104 766 3159 uol.
786 3104 857 3174 Vp.
878 3109 940 3174 186)
964 3105 1022 3174 legi
1039 3105 1124 3161 haee=

113 3172 263 3242 ‘siquidem
285 3177 319 3229 ut
341 3173 383 3228 ait
400 3172 472 3228 alius
490 3179 550 3229 non'
564 3173 679 3230 inferior
694 3175 834 3231 Martiano
850 3175 961 3232 «Labor
978 3175 1123 3245 improbus

112 3243 207 3299 omnia
225 3243 352 3300 uincitu’.
376 3275 411 3285 —
432 3244 552 3316 Propter
571 3246 816 3302 commemorantis
838 3245 1041 3316 praefationem
1060 3263 1124 3301 oon·

27 3375 31 3383 ¹
111 3314 227 3370 tendere
244 3332 302 3370 non
320 3315 418 3370 dubito
436 3315 512 3372 hune
529 3315 697 3372 uersiculum
721 3319 769 3386 qui
791 3315 1007 3373 transformatus
1026 3317 1070 3370 est
1088 3334 1123 3372 ex

111 3385 232 3456 Vergilii
245 3386 373 3442 uersibus
387 3385 524 3457 (Georg.1
539 3391 590 3441 145
604 3389 634 3442 et
649 3392 710 3455 146)
725 3390 868 3458 sumptum
882 3404 943 3443 esse
958 3403 992 3442 ex
1003 3387 1122 3456 Pamph.

96 3453 149 3503 III
155 3461 180 3509 ι,
214 3456 438 3513 saresberiensis
457 3474 525 3514 uero
542 3457 750 3529 ‘Metalogieus’
772 3457 892 3528 scriptus
910 3461 955 3514 est
971 3473 1046 3512 anno
1064 3456 1124 3513 fere

80 3521 171 3579 1169,
195 3523 232 3577 et:
251 3523 508 3601 Soliaarselrmidt,
528 3529 588 3589 Ioh.
610 3529 670 3588 Sar.
689 3549 718 3602 p.
735 3535 800 3585 an.
