2430 3832
83 191 127 256 42
150 189 426 246 PROLEGOMENA
439 188 490 244 AD
506 187 726 246 COMOEDIAM
739 188 788 242 DE
802 186 943 244 NVNTIO
958 186 1100 246 sAGAcL

129 352 189 419 ‘si'
215 375 275 438 pro
298 351 409 418 ‘num'
436 351 704 437 interrogationis
733 350 907 416 indirectae
935 350 1100 436 particula

171 442 293 526 legitur
316 464 389 507 oum
412 440 619 506 coniunctiuo
643 439 678 504 in
701 462 752 504 ιιιι.
774 440 826 505 64.
852 440 929 525 124,
953 461 1026 505 eum
1048 439 1099 504 in-

173 531 315 596 dicatiuo
339 530 374 595 in
397 553 427 594 u.
446 529 526 614 2173
549 527 588 593 ef.
608 527 736 592 Bonnet
758 551 788 612 p.
808 529 883 594 321.

128 618 198 684 ‘sio’
218 619 382 703 signifieat
406 617 499 701 ‘quae
518 639 591 682 oum
609 617 656 680 ita
675 615 753 681 sint'
777 618 812 681 in
830 640 860 682 u
874 617 932 702 273
956 615 994 683 cf.
1009 617 1099 683 Bon-

170 711 227 772 net
248 731 279 796 p.
303 707 369 773 304
392 703 500 792 (‘dans
524 727 577 770 ees
601 704 821 791 conditions').

130 795 325 881 fsperabam'
353 794 388 860 in
410 818 439 860 u.
462 796 484 861 2
512 816 586 859 eum
609 796 679 859 solo
703 793 865 860 infinitino
889 795 1099 861 coniunctum

172 885 245 950 ideo
268 885 377 949 minus
397 882 540 970 offendit,
562 883 639 969 quia
661 882 697 946 in
715 883 892 949 enuntiatis
912 886 945 948 et
962 886 1097 969 regente

172 977 206 1039 et
232 978 322 1039 reoto
338 973 450 1038 'idem'
464 973 554 1037 ualet
582 970 772 1036 subiectum.
816 971 987 1037 Errouisse
1015 971 1099 1037 mihi

172 1062 300 1128 uidetur
322 1062 358 1127 in
375 1061 437 1126 hae
460 1082 495 1126 re
518 1059 709 1144 explicanda
731 1060 861 1125 Bonnet
883 1083 914 1145 p.
934 1061 1007 1128 648.

128 1153 267 1235 ‘tempus
282 1149 363 1216 erat'
379 1171 452 1215 oum
470 1148 633 1214 infinitiuo
654 1147 797 1214 ‘nubere’
812 1152 920 1214 exstat
933 1149 969 1213 in
982 1172 1012 1214 ιι.
1021 1144 1098 1216 228.

128 1238 250 1304 ‘timeo’
275 1261 348 1304 oum
371 1237 533 1302 infinitiuo
557 1259 586 1303 u.
612 1237 692 1321 1623
717 1237 755 1303 of.
779 1235 916 1322 Ysengr.
939 1260 970 1322 p.
992 1237 1028 1302 L.

128 1326 288 1393 ‘tondere'
310 1328 346 1391 in
368 1349 397 1391 u
419 1326 482 1391 142
507 1326 711 1390 scribendum
735 1328 785 1390 est
809 1325 939 1391 cumin
962 1323 1011 1412 (et
1034 1325 1097 1410 Η),

171 1415 210 1482 ef.
234 1438 314 1481 mus.
339 1414 442 1480 Rhen.
465 1413 624 1479 XXXVII
646 1437 677 1498 p.
696 1413 771 1496 527,
798 1414 949 1480 Roenseh
971 1436 1002 1498 p.
1021 1415 1098 1494 284,

171 1503 301 1570 Kaulen
318 1527 350 1589 p.
368 1503 501 1569 193..-
523 1501 698 1568 Graecism.
717 1502 796 1568 XIX
815 1503 874 1568 90:
899 1501 1096 1568 ‘Tondernus

172 1594 301 1679 barbas,
319 1594 434 1677 crines,
454 1591 509 1657 sed
528 1591 694 1656 tundimus
710 1589 794 1676 (aar.
814 1592 890 1658 lect:
913 1591 1096 1677 tondimus)

171 1681 314 1748 herbas’.
464 1679 466 1683 ’
1041 1676 1045 1684 ’

128 1771 229 1838 ‘tute'
254 1796 283 1838 u.
309 1773 371 1836 111
396 1769 621 1855 explicandum
644 1768 773 1833 uidetur
796 1790 856 1853 pro
880 1767 958 1852 ‘tu',
986 1790 1098 1853 qnam·

173 1882 270 1944 quam
298 1858 388 1924 aliud
411 1858 594 1941 exemplum
622 1857 703 1921 mihi
731 1878 770 1921 ex
797 1856 865 1921 illis
892 1853 1097 1941 temporibus

171 1951 303 2032 praesto
325 1969 393 2010 non
416 1950 475 2010 est.

129 2034 202 2098 ‘ue'
226 2057 287 2119 pro
311 2033 409 2118 ‘-que'
433 2034 521 2097 ualet
543 2032 579 2096 in
600 2056 632 2100 u.
655 2033 707 2098 34.

128 2121 235 2188 ‘uelle'
260 2122 438 2205 assumpsit
460 2119 553 2186 ‘fore’
572 2122 606 2186 in
625 2144 654 2187 ιι.
673 2122 726 2206 24,
750 2120 810 2186 sub
830 2144 893 2206 qua
911 2144 990 2188 uooe
1010 2122 1098 2189 dieta

171 2209 328 2276 conferas.

127 2298 259 2366 ‘uerba'
284 2321 357 2365 oum
385 2298 572 2384 ‘reponere'
596 2300 803 2365 coniunctum
834 2298 943 2364 estin
968 2321 997 2363 u.
1023 2298 1098 2380 102,

84 2423 87 2427 ·
171 2412 245 2455 eum
260 2388 392 2455 ‘tenere'
407 2388 442 2453 in
456 2411 485 2454 u.
496 2389 571 2472 226,
585 2410 722 2473 quarum
736 2387 937 2453 locutionum
948 2384 1097 2472 exempla

171 2501 238 2544 non
259 2479 398 2562 repperi.

128 2566 293 2652 ‘unquam'
321 2587 456 2650 prorsus
478 2566 565 2630 idem
589 2565 753 2650 significat
776 2565 862 2649 quod
886 2563 1037 2649 ‘semper'
1061 2564 1097 2628 in

172 2677 202 2719 u.
219 2655 292 2739 114,
311 2675 407 2738 quem
426 2675 520 2718 usum
539 2675 578 2718 ex
597 2654 760 2718 contrario
779 2651 968 2738 ‘nunquam'
988 2656 1097 2718 ortum

173 2764 243 2807 esse
258 2744 403 2826 apparet.
442 2739 649 2826 (Buechelerz
667 2741 731 2806 nisi
750 2741 903 2827 coniungi
916 2741 972 2806 ille
992 2741 1097 2806 uoluit

172 2829 211 2895 ‘si
230 2830 318 2894 dixi.
332 2880 339 2895 .
354 2829 509 2914 unquam'
528 2829 680 2895 liberiore
694 2829 870 2895 uerborum
884 2829 1097 2895 collocatione

173 2921 303 3003 arrepta
326 2941 365 2984 ex
387 2939 484 2984 uersu
507 2918 615 2983 nescio
639 2940 702 3002 quo
726 2918 868 2984 auctoris
893 2917 1041 3004 antiqui.)
