2430 3832
88 167 131 231 60
456 166 732 223 PROLEGOMENA

90 330 251 413 poematis
276 351 386 394 eruere
409 352 506 415 posse
529 330 610 393 mihi
633 329 754 413 uideor,
778 329 939 412 quomodo
959 329 1046 394 inter
1071 353 1107 396 se

89 418 291 483 cohaereant.
341 417 428 484 Nam
456 419 594 483 alterum
627 417 761 481 alterius
795 419 920 482 auctori
952 417 1106 503 ignotum

87 506 188 571 fuisse
213 511 246 572 et
269 507 317 572 ita
341 508 381 572 ab
406 511 543 590 utroque
563 507 697 571 eandem
716 505 863 570 fabulam
883 506 1020 571 diuersis
1040 530 1106 573 me-

89 595 148 659 tris
163 596 354 660 adstrictam
369 617 440 660 esse
456 616 551 659 nemo
566 594 748 678 contendet,
763 594 818 678 qui
835 595 1105 663 animaduerterit

87 687 176 749 totos
204 705 317 747 uersus
346 705 539 748 uersuumue
566 687 676 768 partes
705 704 890 768 congruere.
936 682 1106 769 Anonymi

88 794 174 836 enrm
201 794 314 836 uersus

156 861 176 923 9
195 859 286 924 Intro
310 860 426 926 forum.
464 859 561 925 Sedet
584 882 666 924 unus
691 860 737 924 ibi
761 860 979 924 circumdatus
1002 862 1104 926 urnis.

135 949 175 1013 15
193 948 373 1015 Dissimulo
401 955 577 1034 repetoque
605 950 722 1014 locum.
768 947 884 1013 Manus
912 949 992 1014 hacc
1017 951 1107 1034 capit

196 1059 320 1122 urnam,

135 1127 174 1189 1ss
194 1125 284 1191 Haec
308 1127 416 1192 aliam.
462 1123 574 1192 Socius
598 1175 605 1190 .
630 1175 669 1191 ..

87 1235 221 1297 prorsus
238 1214 340 1278 eidem
355 1215 509 1300 leguntur
524 1215 609 1298 apud
622 1212 819 1279 Ganfredum
830 1210 896 1298 (uu.
909 1213 959 1278 10.
973 1211 1104 1301 16.17).

90 1301 264 1366 Praeterea
293 1303 365 1386 quis
396 1303 630 1368 uersiculorum
663 1301 909 1366 similitudinem
940 1324 1006 1366 non
1033 1325 1105 1386 per·

89 1389 204 1473 spiciet
226 1389 355 1455 horum:

244 1477 411 1563 Anonymi
783 1477 939 1552 Ganfredi

88 1589 119 1632 u.
142 1568 163 1631 2
176 1567 314 1651 prandia
343 1566 478 1653 quisque
509 1590 568 1633 suo
622 1591 651 1633 u.
677 1566 870 1651 3Temp0re
890 1568 1027 1652 quisque
1043 1590 1104 1634 suo

122 1657 161 1720 17
183 1653 267 1730 Quid
285 1656 365 1721 facis
381 1679 399 1720 o
415 1657 568 1721 demens?
658 1657 697 1721 18
713 1653 796 1731 Quid
818 1654 900 1720 facis
920 1655 985 1738 hic,
1008 1656 1104 1722 mise·

711 1743 832 1807 rande?

127 1833 167 1897 18
182 1831 332 1897 Mortuus
361 1838 411 1897 est
440 1832 570 1918 genitor
659 1832 699 1896 19
715 1831 864 1897 Mortuus
875 1836 934 1916 est,
946 1836 978 1897 et
988 1833 1104 1919 adhuc,

179 1927 274 2004 atque
289 1923 428 1985 moraris
444 1921 569 1985 adhuc?
712 1920 839 2004 insane,
862 1920 1022 1986 moraris?

124 2008 163 2072 19
180 2008 383 2073 ‘Mortuus‘i'
407 2009 451 2073 nt
471 2010 570 2072 mani·
656 2009 699 2072 20
715 2007 874 2074 ‘Mortuus
886 2009 948 2074 est'
953 2010 1103 2075 manibus

180 2096 241 2162 bus
253 2097 417 2162 concussis
426 2097 570 2161 concutit
713 2097 876 2162 concussit
894 2098 1034 2162 conterit
1052 2121 1103 2162 ur·

181 2208 279 2250 urnas
713 2207 772 2249 nas

123 2275 167 2338 20
182 2272 568 2357 NostramanusFugio...
656 2273 696 2337 21
714 2272 1104 2359 Nostramanus.Fugio...

156 2361 239 2427 Vter
257 2362 359 2448 igitur
378 2363 516 2427 alterum
535 2360 761 2445 compilauerit
780 2363 946 2445 quaerenti
962 2362 1102 2428 similius

90 2450 159 2513 ueri
191 2451 270 2514 mihi
303 2452 477 2517 uidebatur
509 2446 708 2516 Ganfredum
745 2450 923 2535 elegiacam
955 2452 1101 2517 fabulam

90 2539 337 2621 transcripsisse
356 2539 391 2603 in
405 2542 620 2623 hexametros,
639 2545 676 2604 ut
690 2538 898 2605 concinnaret
913 2561 984 2604 cum
998 2541 1103 2606 totius

91 2624 244 2688 carminis
268 2626 381 2691 forma.
422 2627 484 2692 Sed
507 2633 682 2712 postquam
703 2628 884 2693 accuratius
903 2628 1038 2715 inspexi,
1062 2630 1103 2694 ad

91 2713 288 2776 contrariam
311 2715 467 2780 deductus
492 2739 563 2780 sum
588 2716 791 2783 sententiam.

155 2798 225 2864 Iam
249 2800 401 2866 Haureau
426 2805 605 2868 rectissime
630 2805 839 2870 contenderat
866 2805 925 2870 ‘La
948 2805 1039 2889 piece
1063 2805 1102 2872 de

91 2887 234 2953 Geoffroi
258 2939 265 2955 .
290 2941 296 2954 .
320 2940 328 2956 .
353 2895 404 2954 est
434 2892 506 2974 plus
534 2892 654 2958 claire'.
705 2892 881 2979 Compares
911 2896 997 2959 enim
1021 2916 1046 2960 e.
1071 2915 1103 2981 g.

89 2976 244 3043 Ganfredi
267 3000 394 3043 uersus:

134 3066 243 3133 Poscit
267 3089 361 3151 opem
385 3066 529 3132 defectus
554 3090 672 3156 aquae,
700 3092 814 3135 manus
838 3070 954 3156 arripit
976 3093 1104 3157 urnam,

133 3155 219 3221 Fons
242 3156 379 3240 petitur,
404 3157 487 3240 lapis
512 3156 678 3242 obiicitur,
701 3182 758 3243 pes
782 3159 919 3244 labitur,
943 3181 1025 3225 urna

132 3243 311 3331 Frangitur
337 3282 374 3292 -

87 3355 159 3397 cum
184 3335 350 3419 anonymi:

138 3421 240 3487 Deest
260 3445 351 3508 aqua,
370 3427 487 3509 stagna
504 3428 591 3508 peto,
614 3423 724 3488 manui
743 3424 839 3487 datur
852 3445 943 3508 urna,
961 3423 1103 3509 teritque

191 3509 327 3576 Terram
355 3516 459 3601 terra,
480 3512 598 3600 pedem
622 3517 717 3598 petra
739 3532 915 3594 manusque
938 3514 1071 3579 tremor.
