2430 3832
93 186 137 250 20
161 183 435 241 Paouaoonarul
448 185 497 239 AD
514 183 733 240 COMOEDIAM
747 185 795 240 DE
810 185 951 241 NVNTIO
966 185 1107 242 SAGAOI.

94 350 144 414 fer
163 351 207 415 sis
227 349 373 414 ‘Wiener
389 347 534 413 Studien'
554 348 618 413 uol.
637 347 684 411 IX
702 370 733 431 p.
748 349 791 414 63
802 370 848 433 sq.
868 352 900 412 et
915 350 968 432 67,
987 349 1107 416 abhinc

94 437 426 591 qmtlldbgdilidnibbes
444 440 791 610 ddddrsibirlslilsdddrdbi·
803 526 929 591 nullam
948 527 1107 611 inspicere

94 615 189 700 potui
211 619 341 699 praeter
359 613 392 678 H
412 617 444 677 et
461 612 510 698 Μ,
534 613 609 678 uide
632 612 750 678 ‘tresor
773 614 828 678 des
847 615 946 678 livres
965 637 1054 679 rares
1075 619 1108 680 et

93 704 247 787 pre‘cieux
264 725 324 787 par
342 702 373 766 J.
388 701 425 766 G.
438 701 497 765 Th.
514 700 665 766 Graesse'
688 705 767 767 tom.
786 700 818 766 V
840 725 871 786 p.
891 703 934 768 80
957 706 991 766 et
1009 702 1107 768 ‘cata-

93 792 208 876 logum
232 791 343 856 libror.
367 791 513 873 impress.
538 790 615 856 bibl.
634 789 842 855 Bodleianae’
862 791 924 856 uol.
939 790 974 855 Π
991 814 1022 875 p.
1041 792 1108 857 914

94 880 153 945 col.
177 880 207 943 b.

161 967 292 1052 Septem
312 968 413 1052 igitur
430 967 508 1032 libri
526 970 657 1051 praesto
676 966 757 1030 mihi
775 966 907 1031 fuerunt
923 968 964 1032 ad
982 971 1108 1033 textum

94 1057 366 1140 constituendum,
386 1078 467 1140 quos
487 1056 611 1120 duabus
625 1054 867 1120 recensionibus
882 1056 1107 1122 attribuendos

95 1167 164 1210 esse
188 1145 398 1210 manifestum
422 1147 486 1226 est,
508 1143 635 1209 meliori
658 1143 788 1228 quidem
811 1141 931 1228 HMV,
955 1144 1108 1210 deteriori

94 1232 255 1299 BnWX.
291 1232 362 1297 Hos
386 1235 543 1316 quattuor
565 1232 667 1296 libros
686 1232 852 1297 artissima
870 1233 1108 1298 necessitudine

98 1321 269 1386 cohaerere
293 1321 416 1407 optime
439 1325 519 1404 puto
548 1321 697 1407 intellegi
720 1341 817 1405 posse
841 1341 880 1385 ex
904 1321 1015 1386 ordine
1038 1344 1108 1387 uer-

95 1431 203 1494 suum,
231 1410 288 1494 qui
314 1412 349 1474 in
376 1410 464 1475 calce
492 1410 645 1475 carminis
672 1409 840 1494 leguntur,
868 1409 908 1474 cf.
936 1433 1010 1494 app.
1037 1410 1108 1475 crit.

93 1521 124 1564 u.
147 1499 211 1563 277
215 1550 221 1563 .
272 1495 413 1563 (lausam
441 1519 517 1563 uero
545 1498 642 1562 huius
669 1499 816 1581 peruersi
844 1498 966 1563 ordinis
996 1519 1107 1583 reppe-

93 1587 175 1652 risse
198 1587 280 1652 mihi
309 1587 421 1652 uideor
443 1586 541 1652 hanc:
570 1585 718 1669 Scriptor
745 1586 864 1651 codicis
889 1587 957 1652 eius
981 1609 1020 1650 ex
1043 1609 1108 1671 quo

95 1676 291 1761 archetypus
319 1676 416 1741 huius
445 1675 642 1741 recensionis
665 1675 841 1758 pendebat,
867 1696 939 1739 cum
964 1676 1107 1758 spatium

95 1786 168 1830 eum
187 1766 338 1831 deficeret
351 1769 389 1830 ut
405 1765 543 1850 singulis
557 1764 708 1828 uersibus
723 1763 868 1849 singulas
884 1763 976 1828 daret
994 1765 1107 1846 lineas,

94 1852 169 1917 inde
193 1877 211 1919 a
230 1877 327 1918 uersu
345 1854 387 1918 27
391 1855 410 1918 7
434 1854 470 1917 in
489 1853 627 1939 singulis
652 1852 745 1916 lineis
764 1852 875 1935 posuit
896 1851 1107 1917 hexametros

93 1940 188 2004 binos
218 1942 266 2005 ita
290 1940 432 2024 quidem,
459 1944 497 2006 ut
525 1963 638 2006 uersus
661 1940 805 2004 numeris
829 1939 983 2026 signandi
1006 1942 1107 2025 impa-

93 2028 184 2092 ribus
203 2029 237 2092 in
257 2030 389 2092 sinistra
407 2029 547 2112 paginae
565 2031 658 2112 parte
677 2028 870 2112 legerentur,
888 2029 1031 2103 numeris
1051 2051 1108 2112 pa-

93 2116 185 2180 ribus
209 2116 244 2180 in
268 2117 382 2181 dextra
404 2115 490 2181 hunc
512 2117 548 2181 in
570 2116 717 2180 modum:

480 2206 521 2270 27
526 2205 638 2270 7.278

421 2348 426 2355 ,
480 2294 640 2359 279280
662 2294 722 2358 etc.

94 2380 127 2446 Is
150 2382 265 2446 deinde
290 2381 345 2465 qui
369 2381 581 2466 archetypum
605 2383 714 2465 ipsum
737 2381 898 2466 exercuit,
927 2403 999 2446 cum
1023 2381 1108 2446 hanc

94 2471 255 2535 rationem
278 2493 345 2535 non
363 2472 595 2555 perspexisset,
617 2469 708 2556 prius
731 2470 937 2554 transcripsit
956 2491 995 2534 ex
1013 2473 1107 2554 parte

95 2559 229 2623 sinistra
246 2580 299 2622 uu.
318 2560 503 2643 277-297,
526 2558 640 2624 deinde
660 2579 699 2622 ex
718 2557 832 2622 dextra
849 2581 901 2623 uu.
920 2558 1107 2624 278-296.

97 2682 136 2694 -
158 2645 209 2710 Ad
232 2646 320 2711 hunc
343 2647 554 2729 archetypum
576 2647 723 2731 proxime
747 2647 896 2712 accedere
919 2647 1048 2712 uidetur
1066 2647 1107 2731 X,

96 2735 215 2819 quippe
235 2735 290 2818 qui
309 2734 392 2798 liber
411 2735 500 2799 solus
520 2757 631 2799 omnes
646 2735 828 2799 seruauerit
845 2757 968 2816 uersus,
987 2735 1108 2820 longis·

96 2823 176 2888 sime
190 2822 331 2887 fortasse
347 2822 440 2887 abest
453 2821 492 2907 Ε,
507 2823 643 2906 quinon
658 2823 763 2887 solum
777 2824 861 2888 sicut
874 2823 953 2887 BW
974 2846 1025 2888 uu.
1042 2824 1107 2889 278

96 2914 130 2976 et
153 2911 218 2976 280
242 2911 367 2996 omisit,
390 2912 446 2976 sed
469 2912 568 2976 etiam
590 2936 621 2979 u.
639 2912 714 2977 290.
755 2912 948 2976 Accuratius
972 2934 1049 2976 uero
1073 2913 1108 2976 in

94 3001 212 3064 horum
239 2999 384 3066 codicum
408 2999 600 3066 affinitatem
623 3000 786 3085 inquirere
810 3004 867 3065 aut
891 3004 1029 3066 stemma
1053 3001 1107 3065 ad·

94 3089 177 3153 icere
200 3109 475 3173 superuacaneum
498 3111 568 3154 esse
592 3090 752 3154 existimo.

183 3176 315 3242 Meliori
347 3177 460 3243 deinde
487 3178 668 3244 recensioni
696 3177 839 3242 attribuo
873 3181 910 3242 ut
942 3178 1007 3242 iam
1040 3177 1108 3242 dixi

97 3263 206 3330 HMV
229 3265 345 3350 libros,
368 3289 448 3351 quos
468 3266 709 3352 coniungendos
733 3287 804 3331 esse
823 3287 899 3330 mox
922 3286 1108 3351 cognosces,

99 3353 127 3417 si
145 3353 395 3437 perlustraueris
415 3358 608 3440 apparatum
626 3355 774 3420 criticum
794 3376 820 3418 e.
834 3375 865 3439 g.
885 3354 925 3418 ad
943 3355 1041 3419 uu.6.
1057 3355 1107 3419 12.
1194 3360 1197 3368 ’

88 3440 144 3501 25.
160 3442 211 3504 dl).
227 3442 280 3507 43.
297 3442 348 3508 65.
365 3445 415 3510 67.
432 3445 483 3509 79.
498 3445 550 3510 80.
565 3443 617 3512 85.
627 3445 678 3511 89.
689 3444 742 3528 98,
756 3442 937 3508 ubihorum
950 3443 1110 3508 librorum

66 3521 236 3588 leetrbnes
266 3534 362 3594 stare
398 3533 526 3601 uidebis
562 3538 681 3602 contra
715 3531 939 3599 retensslffitm
967 3532 1115 3594 ΜΝ·
