2430 3832
139 153 203 218 100
453 151 500 209 DE
519 150 651 208 Talssvs
670 149 831 208 PVELLIS.

184 317 224 380 In
245 316 329 380 lecto
352 314 431 378 nudi
454 313 606 399 Marsque
628 313 802 398 Venusque
826 313 933 378 simul.

140 404 212 469 Illic
235 402 418 468 Vulcanum
442 403 629 467 tendentem
652 404 735 467 retia
757 402 833 485 uidi,

186 491 232 558 Vt
256 492 354 556 simul
377 491 519 556 inlecto
542 490 697 576 prendere
721 494 834 574 posset
858 511 923 554 eos.

88 601 128 639 240
141 580 218 647 Mox
242 602 369 664 quoque
392 579 560 663 pertimui,
582 600 623 642 ne
646 600 706 643 nos
731 578 963 663 comprendere
986 576 1103 661 uellet,

185 669 266 733 Tam
291 669 371 733 bene
393 668 538 751 picturae
560 667 700 732 finxerat
723 671 835 732 auctor
859 689 940 731 eum.

142 757 287 841 Cumque
312 756 391 822 satis
415 756 487 840 risi,
510 755 584 820 riait
606 777 733 840 quoque
755 759 870 820 nostra
892 754 1011 839 puella,

187 845 249 911 Sed
274 846 378 930 magis
401 844 455 909 hic
477 845 562 908 risus
586 844 801 911 conueniebat
824 843 862 908 ei.

144 934 227 1011 Quid
251 933 382 998 moror?
428 931 585 998 Incumbo
609 933 741 998 tandem
764 933 850 997 lecto
874 931 1018 1016 pretioso

89 1040 131 1082 245
188 1021 296 1107 Atque
319 1025 437 1106 tegunt
460 1024 550 1086 artus
574 1021 675 1105 pallia
697 1023 786 1106 picta
808 1042 907 1085 meos·

144 1112 292 1194 Denique
315 1110 408 1195 uirgo
431 1110 523 1174 iubet
544 1110 700 1174 thalamis
725 1110 811 1174 exire
834 1109 959 1193 puellas

188 1198 413 1282 Firmauitque
438 1198 518 1262 seris
544 1198 629 1263 ostia
652 1198 763 1263 clausa
787 1197 862 1263 suis.

146 1287 298 1369 Vndique
321 1285 492 1370 fulgebant
514 1288 647 1350 auratae
670 1285 831 1368 lampadis
854 1287 957 1370 ignes,

189 1374 371 1458 Tamquam
395 1394 467 1438 eum
490 1373 599 1439 rutilis
623 1371 678 1438 Sol
700 1373 787 1438 foret
810 1373 897 1438 intus
922 1372 1021 1457 equis.

92 1482 132 1524 aco
146 1461 186 1529 Se
208 1462 290 1528 facit
311 1461 391 1527 haec
413 1461 548 1547 nudam,
570 1462 675 1527 uoluit
698 1484 825 1549 quoque
848 1462 934 1526 nuda
956 1459 1070 1545 uideri,

190 1550 236 1617 At
257 1572 324 1615 non
347 1551 382 1614 in
403 1554 514 1615 tenera
537 1572 633 1616 carne
655 1551 718 1615 fuit
741 1551 877 1616 macula.

145 1639 240 1706 Nunc
263 1639 344 1704 mihi
367 1639 521 1722 credatis,
545 1640 572 1704 si
596 1640 723 1704 credere
746 1640 860 1722 uultis,
884 1641 1046 1704 amantes:

191 1729 339 1794 Membra
361 1728 451 1793 fuere
475 1727 539 1792 sibi
562 1727 749 1793 candidiora
770 1728 859 1808 niue,

146 1816 216 1882 Nec
237 1817 312 1884 niue
337 1839 419 1900 quae
441 1820 530 1882 tacta
552 1815 685 1881 Phoebo
708 1816 814 1881 fuerat
836 1815 1019 1900 liquefacta,

94 1923 134 1963 255
192 1905 255 1970 Sed
277 1905 352 1969 niue
376 1928 474 1989 quam
496 1905 605 1970 nullus
629 1906 679 1969 sol
702 1904 855 1988 tepefecit
878 1903 991 1970 adhuc.

147 1993 213 2057 Ah!
239 1992 350 2076 quales
373 1992 525 2058 humeros
550 1997 584 2057 et
607 1993 716 2076 qualia
741 1993 873 2057 brachia
895 1992 971 2056 uidi.

193 2079 337 2146 Candida
360 2100 455 2144 crura
477 2079 575 2144 nimis
597 2102 664 2144 non
687 2081 817 2145 ualuere
841 2081 956 2146 minus.

148 2170 255 2234 Perua
276 2166 400 2252 papilla
424 2167 497 2251 fuit,
519 2167 582 2232 fuit
606 2173 697 2253 apta,
719 2168 783 2232 fuit
806 2170 960 2253 speciosa,

194 2255 230 2322 Si
252 2257 351 2342 paulo
374 2257 489 2342 rigida,
516 2278 582 2322 non
606 2256 713 2323 minus
738 2260 815 2343 apta
837 2257 908 2322 fuit.

96 2367 135 2406 aco
148 2346 265 2412 Pectus
289 2348 359 2409 erat
381 2346 529 2430 planum,
551 2346 668 2429 planus
692 2347 752 2411 suh
776 2350 905 2430 pectore
928 2349 1050 2428 uenter,

192 2435 371 2499 Formabat
394 2435 533 2500 medium
558 2456 674 2518 corpus
698 2438 872 2519 utrumque
895 2435 993 2500 latus.
1016 2469 1058 2480 -

148 2521 224 2588 Non
246 2521 399 2607 referam,
423 2522 571 2606 quamuis
595 2526 743 2607 poteram
767 2525 901 2588 meliora
924 2523 1053 2605 referre,

192 2610 289 2675 Illam
313 2631 385 2674 cum
409 2609 494 2695 uidi,
517 2646 560 2657 -
585 2610 641 2676 sed
664 2611 726 2676 tibi
748 2633 814 2677 non
836 2611 983 2677 referam.

150 2697 214 2764 Vix
237 2718 288 2761 me
312 2697 452 2783 continu,
476 2720 550 2764 cum
588 2720 725 2783 corpora
747 2700 832 2764 nuda
855 2700 1008 2783 uiderem,

194 2785 280 2862 Quin
303 2807 450 2870 raperem
473 2787 589 2870 cupida
612 2788 716 2853 lactea
739 2790 886 2853 membra
909 2811 1016 2854 manu.

149 2922 362 2935 '‘z——

162 3023 166 3027 ’
221 3017 279 3069 237
293 3010 377 3084 retia]
391 3012 484 3069 rethia
498 3014 617 3069 libri—
635 3018 693 3070 239
708 3015 772 3070 Mox
799 3012 859 3068 Nec
873 3015 991 3070 12322-
1010 3019 1066 3070 241
1080 3015 1162 3069 Cum-

150 3084 218 3165 que]
238 3083 406 3152 DumqueP
432 3083 502 3138 Cum
520 3083 642 3138 HM-
671 3088 768 3141 nostra
799 3087 895 3140 nestra
913 3086 998 3139 M-
1024 3088 1081 3141 245
1098 3086 1162 3139 tha·

150 3102 253 3350 illua}
252 3153 406 3295 litent
417 3154 506 3280 i]
527 3154 685 3298 thaha
694 3155 849 3282 tuhoth
865 3155 951 3279 il-
945 3155 1162 3309 illidit]

271 3243 351 3348 H-
369 3300 424 3352 253
440 3297 567 3352 tacta-P.
587 3298 666 3353 tacta
674 3227 827 3352 laH—
795 3297 951 3369 —fuerat]
971 3296 1025 3351 fuit
1043 3298 1109 3353 libri
1129 3327 1162 3338 —

152 3369 208 3421 264
218 3365 400 3437 tepefecitH:
415 3370 463 3437 tep
465 3367 643 3450 escitldP-
652 3373 709 3424 255
719 3368 781 3494 Ahss
786 3368 866 3423 Hach
876 3369 988 3424 labra
997 3372 1055 3424 256
1065 3385 1148 3422 mmm

150 3436 243 3490 minue
261 3436 340 3489 H-
306 3386 464 3512 -minueJ
482 3437 565 3494 nimis
579 3438 658 3492 H-
676 3443 735 3496 258

773 3438 796 3510 i]
816 3437 968 3494 SedP-
991 3441 1050 3496 262
1068 3438 1149 3492 Illam

133 3501 191 3554 Jlla
207 3507 332 3560 abri—
349 3513 412 3566 224
431 3509 520 3585 Quia]
540 3509 611 3569 Cum
629 3512 706 3570 libri
