<?xml version="1.0" encoding="UTF-8"?>
<!DOCTYPE html PUBLIC "-//W3C//DTD XHTML 1.0 Transitional//EN"
    "http://www.w3.org/TR/xhtml1/DTD/xhtml1-transitional.dtd">
<html xmlns="http://www.w3.org/1999/xhtml" xml:lang="en" lang="en">
 <head>
  <title>
</title>
<meta http-equiv="Content-Type" content="text/html;charset=utf-8" />
  <meta name='ocr-system' content='tesseract 3.04.00' />
  <meta name='ocr-capabilities' content='ocr_page ocr_carea ocr_par ocr_line ocrx_word'/>
</head>
<body>
  <div class='ocr_page' id='page_1' title='image "./comoediaehorati00jahngoog_0105.png"; bbox 0 0 2430 3832; ppageno 0'>
   <div class='ocr_carea' id='block_1_1' title="bbox 104 165 826 249">
    <p class='ocr_par' dir='ltr' id='par_1_1' title="bbox 104 165 826 249">
     <span class='ocr_line' id='line_1_1' title="bbox 104 165 826 249; baseline -0.019 1"><span class='ocrx_word' id='word_1_1' title='bbox 104 165 107 171; x_wconf 74' lang='grc'><strong>’</strong></span> <span class='ocrx_word' id='word_1_2' title='bbox 133 184 176 249; x_wconf 82' lang='grc'><strong>96</strong></span> <span class='ocrx_word' id='word_1_3' title='bbox 450 181 498 237; x_wconf 83' lang='lat' dir='ltr'><strong>nn</strong></span> <span class='ocrx_word' id='word_1_4' title='bbox 518 180 649 236; x_wconf 76' lang='lat' dir='ltr'><strong>snmus</strong></span> <span class='ocrx_word' id='word_1_5' title='bbox 668 179 826 238; x_wconf 75' lang='lat' dir='ltr'><strong>sununs</strong></span> 
     </span>
    </p>
   </div>
   <div class='ocr_carea' id='block_1_2' title="bbox 72 343 1102 2376">
    <p class='ocr_par' dir='ltr' id='par_1_2' title="bbox 72 343 1102 2376">
     <span class='ocr_line' id='line_1_2' title="bbox 135 343 933 426; baseline -0.005 -16"><span class='ocrx_word' id='word_1_6' title='bbox 135 344 270 411; x_wconf 88' lang='lat' dir='ltr'><strong>Nullum</strong></span> <span class='ocrx_word' id='word_1_7' title='bbox 294 366 346 409; x_wconf 92' lang='lat' dir='ltr'>me</span> <span class='ocrx_word' id='word_1_8' title='bbox 369 347 454 408; x_wconf 88' lang='lat' dir='ltr'><strong>teste</strong></span> <span class='ocrx_word' id='word_1_9' title='bbox 478 343 598 409; x_wconf 90' lang='lat' dir='ltr'>donum</span> <span class='ocrx_word' id='word_1_10' title='bbox 621 344 796 426; x_wconf 87' lang='lat' dir='ltr'><strong>pretiosius</strong></span> <span class='ocrx_word' id='word_1_11' title='bbox 820 345 870 407; x_wconf 90' lang='lat' dir='ltr'><strong>est</strong></span> <span class='ocrx_word' id='word_1_12' title='bbox 892 346 933 406; x_wconf 90' lang='lat' dir='ltr'><strong>te.</strong></span> 
     </span>
     <span class='ocr_line' id='line_1_3' title="bbox 83 431 978 516; baseline 0.006 -25"><span class='ocrx_word' id='word_1_13' title='bbox 83 451 122 493; x_wconf 73' lang='lat' dir='ltr'><strong>sec</strong></span> <span class='ocrx_word' id='word_1_14' title='bbox 180 433 225 496; x_wconf 87' lang='lat' dir='ltr'>Te</span> <span class='ocrx_word' id='word_1_15' title='bbox 248 432 329 496; x_wconf 92' lang='lat' dir='ltr'><strong>mihi</strong></span> <span class='ocrx_word' id='word_1_16' title='bbox 353 432 380 497; x_wconf 94' lang='lat' dir='ltr'><strong>si</strong></span> <span class='ocrx_word' id='word_1_17' title='bbox 403 431 541 516; x_wconf 87' lang='lat' dir='ltr'><strong>dederis,</strong></span> <span class='ocrx_word' id='word_1_18' title='bbox 564 432 709 516; x_wconf 82' lang='lat' dir='ltr'><strong>praemis</strong></span> <span class='ocrx_word' id='word_1_19' title='bbox 733 451 853 515; x_wconf 81' lang='lat' dir='ltr'>magns</span> <span class='ocrx_word' id='word_1_20' title='bbox 876 431 978 496; x_wconf 84' lang='lat' dir='ltr'><strong>dabis.</strong></span> 
     </span>
     <span class='ocr_line' id='line_1_4' title="bbox 135 519 1094 604; baseline -0.002 -18"><span class='ocrx_word' id='word_1_21' title='bbox 135 519 218 587; x_wconf 81' lang='lat' dir='ltr'><strong>Cum</strong></span> <span class='ocrx_word' id='word_1_22' title='bbox 240 521 351 586; x_wconf 89' lang='lat' dir='ltr'><strong>Venus</strong></span> <span class='ocrx_word' id='word_1_23' title='bbox 375 520 415 586; x_wconf 84' lang='lat' dir='ltr'>ed</span> <span class='ocrx_word' id='word_1_24' title='bbox 438 520 606 603; x_wconf 81' lang='lat' dir='ltr'>Paridem,</span> <span class='ocrx_word' id='word_1_25' title='bbox 628 519 738 585; x_wconf 81' lang='lat' dir='ltr'><strong>Palles</strong></span> <span class='ocrx_word' id='word_1_26' title='bbox 762 519 907 603; x_wconf 86' lang='lat' dir='ltr'><strong>Iunoque</strong></span> <span class='ocrx_word' id='word_1_27' title='bbox 931 522 1094 604; x_wconf 85' lang='lat' dir='ltr'>mearunt,</span> 
     </span>
     <span class='ocr_line' id='line_1_5' title="bbox 178 608 953 694; baseline -0.003 -20"><span class='ocrx_word' id='word_1_28' title='bbox 178 608 282 675; x_wconf 86' lang='lat' dir='ltr'><strong>Offert</strong></span> <span class='ocrx_word' id='word_1_29' title='bbox 306 631 450 694; x_wconf 82' lang='lat' dir='ltr'><strong>quaeque</strong></span> <span class='ocrx_word' id='word_1_30' title='bbox 475 608 538 673; x_wconf 91' lang='lat' dir='ltr'><strong>sibi</strong></span> <span class='ocrx_word' id='word_1_31' title='bbox 561 630 695 673; x_wconf 84' lang='lat' dir='ltr'>munera</span> <span class='ocrx_word' id='word_1_32' title='bbox 719 630 864 692; x_wconf 82' lang='lat' dir='ltr'><strong>quaeque</strong></span> <span class='ocrx_word' id='word_1_33' title='bbox 888 629 953 672; x_wconf 84' lang='lat' dir='ltr'><strong>sua.</strong></span> 
     </span>
     <span class='ocr_line' id='line_1_6' title="bbox 136 695 1005 780; baseline -0.002 -18"><span class='ocrx_word' id='word_1_34' title='bbox 136 695 217 763; x_wconf 79' lang='lat' dir='ltr'><strong>Cum</strong></span> <span class='ocrx_word' id='word_1_35' title='bbox 238 698 304 762; x_wconf 92' lang='lat' dir='ltr'><strong>sibi</strong></span> <span class='ocrx_word' id='word_1_36' title='bbox 327 698 413 763; x_wconf 83' lang='lat' dir='ltr'>dona</span> <span class='ocrx_word' id='word_1_37' title='bbox 435 697 557 776; x_wconf 86' lang='lat' dir='ltr'><strong>ferunt,</strong></span> <span class='ocrx_word' id='word_1_38' title='bbox 581 696 680 780; x_wconf 86' lang='lat' dir='ltr'><strong>elegit</strong></span> <span class='ocrx_word' id='word_1_39' title='bbox 703 697 743 761; x_wconf 86' lang='lat' dir='ltr'>de</span> <span class='ocrx_word' id='word_1_40' title='bbox 765 697 871 761; x_wconf 88' lang='lat' dir='ltr'><strong>tribus</strong></span> <span class='ocrx_word' id='word_1_41' title='bbox 895 719 1005 779; x_wconf 84' lang='lat' dir='ltr'><strong>unum,</strong></span> 
     </span>
     <span class='ocr_line' id='line_1_7' title="bbox 180 785 863 869; baseline -0.003 -19"><span class='ocrx_word' id='word_1_42' title='bbox 180 785 309 852; x_wconf 84' lang='lat' dir='ltr'><strong>Scilicet</strong></span> <span class='ocrx_word' id='word_1_43' title='bbox 331 789 368 850; x_wconf 90' lang='lat' dir='ltr'><strong>ut</strong></span> <span class='ocrx_word' id='word_1_44' title='bbox 391 786 528 869; x_wconf 79' lang='lat' dir='ltr'><strong>pulchre</strong></span> <span class='ocrx_word' id='word_1_45' title='bbox 550 786 644 869; x_wconf 82' lang='lat' dir='ltr'><strong>uirgo</strong></span> <span class='ocrx_word' id='word_1_46' title='bbox 670 785 801 850; x_wconf 86' lang='lat' dir='ltr'><strong>deretur</strong></span> <span class='ocrx_word' id='word_1_47' title='bbox 825 785 863 850; x_wconf 89' lang='lat' dir='ltr'><strong>ei.</strong></span> 
     </span>
     <span class='ocr_line' id='line_1_8' title="bbox 82 873 903 958; baseline 0.004 -24"><span class='ocrx_word' id='word_1_48' title='bbox 82 891 122 934; x_wconf 78' lang='grc'><strong>111</strong></span> <span class='ocrx_word' id='word_1_49' title='bbox 136 873 199 941; x_wconf 81' lang='lat' dir='ltr'>Sed</span> <span class='ocrx_word' id='word_1_50' title='bbox 223 875 252 939; x_wconf 90' lang='lat' dir='ltr'><strong>si</strong></span> <span class='ocrx_word' id='word_1_51' title='bbox 276 874 353 958; x_wconf 88' lang='lat' dir='ltr'><strong>quid</strong></span> <span class='ocrx_word' id='word_1_52' title='bbox 376 873 473 939; x_wconf 86' lang='lat' dir='ltr'><strong>sciret</strong></span> <span class='ocrx_word' id='word_1_53' title='bbox 496 874 670 957; x_wconf 76' lang='lat' dir='ltr'>pretiosius</span> <span class='ocrx_word' id='word_1_54' title='bbox 694 895 763 938; x_wconf 89' lang='lat' dir='ltr'><strong>esse</strong></span> <span class='ocrx_word' id='word_1_55' title='bbox 783 874 903 957; x_wconf 83' lang='lat' dir='ltr'><strong>puelle,</strong></span> 
     </span>
     <span class='ocr_line' id='line_1_9' title="bbox 178 962 875 1048; baseline -0.004 -19"><span class='ocrx_word' id='word_1_56' title='bbox 178 963 255 1029; x_wconf 90' lang='lat' dir='ltr'><strong>Non</strong></span> <span class='ocrx_word' id='word_1_57' title='bbox 278 964 382 1028; x_wconf 84' lang='lat' dir='ltr'>electe</span> <span class='ocrx_word' id='word_1_58' title='bbox 405 962 468 1028; x_wconf 91' lang='lat' dir='ltr'><strong>sibi</strong></span> <span class='ocrx_word' id='word_1_59' title='bbox 490 962 627 1048; x_wconf 84' lang='lat' dir='ltr'><strong>pulchre</strong></span> <span class='ocrx_word' id='word_1_60' title='bbox 649 962 759 1046; x_wconf 82' lang='lat' dir='ltr'><strong>puelle</strong></span> <span class='ocrx_word' id='word_1_61' title='bbox 781 963 875 1027; x_wconf 83' lang='lat' dir='ltr'><strong>foret.</strong></span> 
     </span>
     <span class='ocr_line' id='line_1_10' title="bbox 135 1050 1049 1137; baseline -0.004 -20"><span class='ocrx_word' id='word_1_62' title='bbox 135 1052 297 1137; x_wconf 78' lang='lat' dir='ltr'><strong>Exemplo</strong></span> <span class='ocrx_word' id='word_1_63' title='bbox 322 1051 415 1117; x_wconf 89' lang='lat' dir='ltr'><strong>docet</strong></span> <span class='ocrx_word' id='word_1_64' title='bbox 437 1071 514 1136; x_wconf 85' lang='lat' dir='ltr'>ergo</span> <span class='ocrx_word' id='word_1_65' title='bbox 539 1072 597 1116; x_wconf 91' lang='lat' dir='ltr'><strong>suo</strong></span> <span class='ocrx_word' id='word_1_66' title='bbox 620 1072 702 1134; x_wconf 60' lang='lat' dir='ltr'><strong>,ques</strong></span> <span class='ocrx_word' id='word_1_67' title='bbox 727 1050 812 1115; x_wconf 82' lang='lat' dir='ltr'>done</span> <span class='ocrx_word' id='word_1_68' title='bbox 833 1053 981 1135; x_wconf 84' lang='lat' dir='ltr'><strong>petamus</strong></span> <span class='ocrx_word' id='word_1_69' title='bbox 1005 1086 1049 1096; x_wconf 92' lang='lat'>-</span> 
     </span>
     <span class='ocr_line' id='line_1_11' title="bbox 98 1139 969 1225; baseline 0 -21"><span class='ocrx_word' id='word_1_70' title='bbox 98 1168 99 1172; x_wconf 42' lang='lat'>¹</span> <span class='ocrx_word' id='word_1_71' title='bbox 178 1140 284 1205; x_wconf 89' lang='lat' dir='ltr'><strong>Huius</strong></span> <span class='ocrx_word' id='word_1_72' title='bbox 309 1141 349 1204; x_wconf 84' lang='lat' dir='ltr'>ed</span> <span class='ocrx_word' id='word_1_73' title='bbox 373 1141 556 1225; x_wconf 88' lang='lat' dir='ltr'>exemplum</span> <span class='ocrx_word' id='word_1_74' title='bbox 578 1142 625 1223; x_wconf 89' lang='lat' dir='ltr'><strong>te,</strong></span> <span class='ocrx_word' id='word_1_75' title='bbox 648 1139 809 1223; x_wconf 84' lang='lat' dir='ltr'><strong>speciosa,</strong></span> <span class='ocrx_word' id='word_1_76' title='bbox 830 1141 906 1222; x_wconf 90' lang='lat' dir='ltr'><strong>peto</strong></span> <span class='ocrx_word' id='word_1_77' title='bbox 925 1175 969 1185; x_wconf 93' lang='lat'>—</span> 
     </span>
     <span class='ocr_line' id='line_1_12' title="bbox 136 1226 1026 1312; baseline 0 -20"><span class='ocrx_word' id='word_1_78' title='bbox 136 1228 198 1295; x_wconf 90' lang='lat' dir='ltr'><strong>Hie</strong></span> <span class='ocrx_word' id='word_1_79' title='bbox 222 1229 278 1312; x_wconf 91' lang='lat' dir='ltr'><strong>qui</strong></span> <span class='ocrx_word' id='word_1_80' title='bbox 301 1251 368 1292; x_wconf 90' lang='lat' dir='ltr'><strong>non</strong></span> <span class='ocrx_word' id='word_1_81' title='bbox 390 1228 500 1292; x_wconf 80' lang='lat' dir='ltr'><strong>timuit</strong></span> <span class='ocrx_word' id='word_1_82' title='bbox 523 1226 684 1292; x_wconf 83' lang='lat' dir='ltr'>Venerem</span> <span class='ocrx_word' id='word_1_83' title='bbox 705 1227 870 1311; x_wconf 84' lang='lat' dir='ltr'>praeferre</span> <span class='ocrx_word' id='word_1_84' title='bbox 893 1227 1026 1312; x_wconf 82' lang='lat' dir='ltr'><strong>duabus,</strong></span> 
     </span>
     <span class='ocr_line' id='line_1_13' title="bbox 84 1315 1023 1401; baseline 0.003 -25"><span class='ocrx_word' id='word_1_85' title='bbox 84 1334 122 1377; x_wconf 80' lang='lat'><strong>140</strong></span> <span class='ocrx_word' id='word_1_86' title='bbox 180 1315 280 1382; x_wconf 80' lang='lat' dir='ltr'><strong>Cuius</strong></span> <span class='ocrx_word' id='word_1_87' title='bbox 303 1315 461 1380; x_wconf 81' lang='lat' dir='ltr'>Helenam</span> <span class='ocrx_word' id='word_1_88' title='bbox 484 1315 633 1380; x_wconf 90' lang='lat' dir='ltr'>iuuenem</span> <span class='ocrx_word' id='word_1_89' title='bbox 657 1316 793 1399; x_wconf 73' lang='lat' dir='ltr'><strong>suscipit</strong></span> <span class='ocrx_word' id='word_1_90' title='bbox 816 1316 850 1380; x_wconf 90' lang='lat' dir='ltr'><strong>in</strong></span> <span class='ocrx_word' id='word_1_91' title='bbox 872 1315 1023 1401; x_wconf 86' lang='lat' dir='ltr'><strong>pretium.</strong></span> 
     </span>
     <span class='ocr_line' id='line_1_14' title="bbox 135 1404 972 1489; baseline 0 -21"><span class='ocrx_word' id='word_1_92' title='bbox 135 1404 180 1469; x_wconf 88' lang='lat' dir='ltr'><strong>At</strong></span> <span class='ocrx_word' id='word_1_93' title='bbox 203 1409 252 1488; x_wconf 91' lang='lat' dir='ltr'><strong>tu,</strong></span> <span class='ocrx_word' id='word_1_94' title='bbox 276 1426 358 1488; x_wconf 84' lang='lat' dir='ltr'><strong>quse</strong></span> <span class='ocrx_word' id='word_1_95' title='bbox 381 1425 438 1487; x_wconf 90' lang='lat' dir='ltr'><strong>per</strong></span> <span class='ocrx_word' id='word_1_96' title='bbox 461 1425 512 1468; x_wconf 89' lang='lat' dir='ltr'>me</span> <span class='ocrx_word' id='word_1_97' title='bbox 537 1426 688 1488; x_wconf 85' lang='lat' dir='ltr'><strong>superare</strong></span> <span class='ocrx_word' id='word_1_98' title='bbox 711 1404 791 1469; x_wconf 89' lang='lat' dir='ltr'><strong>duas</strong></span> <span class='ocrx_word' id='word_1_99' title='bbox 815 1405 972 1489; x_wconf 87' lang='lat' dir='ltr'><strong>meruisti,</strong></span> 
     </span>
     <span class='ocr_line' id='line_1_15' title="bbox 179 1493 867 1578; baseline -0.003 -20"><span class='ocrx_word' id='word_1_100' title='bbox 179 1493 231 1558; x_wconf 84' lang='lat' dir='ltr'><strong>Da</strong></span> <span class='ocrx_word' id='word_1_101' title='bbox 253 1493 333 1557; x_wconf 92' lang='lat' dir='ltr'><strong>mihi</strong></span> <span class='ocrx_word' id='word_1_102' title='bbox 357 1514 479 1578; x_wconf 82' lang='lat' dir='ltr'><strong>quaeso</strong></span> <span class='ocrx_word' id='word_1_103' title='bbox 502 1496 560 1557; x_wconf 84' lang='lat' dir='ltr'><strong>tue</strong></span> <span class='ocrx_word' id='word_1_104' title='bbox 582 1493 772 1578; x_wconf 83' lang='lat' dir='ltr'><strong>uirginitate</strong></span> <span class='ocrx_word' id='word_1_105' title='bbox 794 1493 867 1559; x_wconf 86' lang='lat' dir='ltr'><strong>frui.</strong></span> 
     </span>
     <span class='ocr_line' id='line_1_16' title="bbox 137 1578 979 1666; baseline 0.002 -21"><span class='ocrx_word' id='word_1_106' title='bbox 137 1578 198 1646; x_wconf 84' lang='lat' dir='ltr'>Sed</span> <span class='ocrx_word' id='word_1_107' title='bbox 223 1582 251 1646; x_wconf 87' lang='lat' dir='ltr'><strong>si</strong></span> <span class='ocrx_word' id='word_1_108' title='bbox 273 1604 339 1647; x_wconf 89' lang='lat' dir='ltr'><strong>non</strong></span> <span class='ocrx_word' id='word_1_109' title='bbox 362 1586 456 1647; x_wconf 86' lang='lat' dir='ltr'><strong>tanto</strong></span> <span class='ocrx_word' id='word_1_110' title='bbox 480 1582 592 1647; x_wconf 82' lang='lat' dir='ltr'><strong>uideor</strong></span> <span class='ocrx_word' id='word_1_111' title='bbox 615 1581 676 1646; x_wconf 89' lang='lat' dir='ltr'><strong>tibi</strong></span> <span class='ocrx_word' id='word_1_112' title='bbox 699 1603 830 1646; x_wconf 88' lang='lat' dir='ltr'>munere</span> <span class='ocrx_word' id='word_1_113' title='bbox 854 1581 979 1666; x_wconf 85' lang='lat' dir='ltr'><strong>dignus,</strong></span> 
     </span>
     <span class='ocr_line' id='line_1_17' title="bbox 72 1670 919 1756; baseline 0 -21"><span class='ocrx_word' id='word_1_114' title='bbox 72 1684 75 1689; x_wconf 84' lang='grc'><strong>’</strong></span> <span class='ocrx_word' id='word_1_115' title='bbox 179 1670 257 1756; x_wconf 80' lang='lat' dir='ltr'><strong>Hst,</strong></span> <span class='ocrx_word' id='word_1_116' title='bbox 280 1671 355 1736; x_wconf 83' lang='lat' dir='ltr'>dere</span> <span class='ocrx_word' id='word_1_117' title='bbox 380 1670 467 1754; x_wconf 86' lang='lat' dir='ltr'><strong>quod</strong></span> <span class='ocrx_word' id='word_1_118' title='bbox 490 1671 582 1736; x_wconf 84' lang='lat' dir='ltr'><strong>salua</strong></span> <span class='ocrx_word' id='word_1_119' title='bbox 604 1670 793 1754; x_wconf 83' lang='lat' dir='ltr'><strong>uirginitate</strong></span> <span class='ocrx_word' id='word_1_120' title='bbox 817 1672 919 1753; x_wconf 78' lang='lat' dir='ltr'><strong>potes,</strong></span> 
     </span>
     <span class='ocr_line' id='line_1_18' title="bbox 88 1758 989 1845; baseline 0.008 -30"><span class='ocrx_word' id='word_1_121' title='bbox 88 1776 125 1817; x_wconf 84' lang='lat'><strong>145</strong></span> <span class='ocrx_word' id='word_1_122' title='bbox 139 1758 202 1824; x_wconf 86' lang='lat' dir='ltr'><strong>Hic</strong></span> <span class='ocrx_word' id='word_1_123' title='bbox 224 1760 327 1845; x_wconf 79' lang='lat' dir='ltr'><strong>igitur</strong></span> <span class='ocrx_word' id='word_1_124' title='bbox 351 1759 379 1824; x_wconf 93' lang='lat' dir='ltr'><strong>si</strong></span> <span class='ocrx_word' id='word_1_125' title='bbox 401 1781 467 1824; x_wconf 93' lang='lat' dir='ltr'><strong>non</strong></span> <span class='ocrx_word' id='word_1_126' title='bbox 490 1759 571 1824; x_wconf 88' lang='lat' dir='ltr'><strong>mihi</strong></span> <span class='ocrx_word' id='word_1_127' title='bbox 593 1759 644 1824; x_wconf 86' lang='lat' dir='ltr'><strong>uis</strong></span> <span class='ocrx_word' id='word_1_128' title='bbox 667 1760 743 1824; x_wconf 85' lang='lat' dir='ltr'>dere</span> <span class='ocrx_word' id='word_1_129' title='bbox 767 1761 874 1822; x_wconf 86' lang='lat' dir='ltr'>cetere</span> <span class='ocrx_word' id='word_1_130' title='bbox 896 1760 989 1843; x_wconf 83' lang='lat' dir='ltr'>dona,</span> 
     </span>
     <span class='ocr_line' id='line_1_19' title="bbox 179 1847 1065 1932; baseline -0.001 -20"><span class='ocrx_word' id='word_1_131' title='bbox 179 1847 243 1912; x_wconf 85' lang='lat' dir='ltr'><strong>Res</strong></span> <span class='ocrx_word' id='word_1_132' title='bbox 266 1848 345 1913; x_wconf 89' lang='lat' dir='ltr'><strong>licet</strong></span> <span class='ocrx_word' id='word_1_133' title='bbox 369 1849 508 1913; x_wconf 87' lang='lat' dir='ltr'><strong>exterius</strong></span> <span class='ocrx_word' id='word_1_134' title='bbox 533 1852 606 1912; x_wconf 83' lang='lat' dir='ltr'><strong>acts</strong></span> <span class='ocrx_word' id='word_1_135' title='bbox 628 1848 738 1912; x_wconf 84' lang='lat' dir='ltr'><strong>iuuere</strong></span> <span class='ocrx_word' id='word_1_136' title='bbox 762 1847 891 1932; x_wconf 71' lang='lat' dir='ltr'><strong>potest?</strong></span> <span class='ocrx_word' id='word_1_137' title='bbox 916 1883 959 1893; x_wconf 92' lang='lat'><strong>—-</strong></span> <span class='ocrx_word' id='word_1_138' title='bbox 1059 1862 1065 1867; x_wconf 74' lang='grc'><strong>’</strong></span> 
     </span>
     <span class='ocr_line' id='line_1_20' title="bbox 134 1936 1102 2021; baseline 0.001 -20"><span class='ocrx_word' id='word_1_139' title='bbox 134 1936 203 2001; x_wconf 86' lang='lat' dir='ltr'><strong>Nec</strong></span> <span class='ocrx_word' id='word_1_140' title='bbox 227 1958 331 2019; x_wconf 86' lang='lat' dir='ltr'>more,</span> <span class='ocrx_word' id='word_1_141' title='bbox 354 1936 447 2021; x_wconf 81' lang='lat' dir='ltr'><strong>uirgo</strong></span> <span class='ocrx_word' id='word_1_142' title='bbox 472 1936 587 2001; x_wconf 90' lang='lat' dir='ltr'><strong>decens</strong></span> <span class='ocrx_word' id='word_1_143' title='bbox 610 1939 739 2001; x_wconf 89' lang='lat' dir='ltr'><strong>teneros</strong></span> <span class='ocrx_word' id='word_1_144' title='bbox 762 1936 885 2001; x_wconf 81' lang='lat' dir='ltr'><strong>faciens</strong></span> <span class='ocrx_word' id='word_1_145' title='bbox 909 1936 991 2000; x_wconf 90' lang='lat' dir='ltr'><strong>mihi</strong></span> <span class='ocrx_word' id='word_1_146' title='bbox 1014 1936 1102 2002; x_wconf 90' lang='lat' dir='ltr'><strong>risus</strong></span> 
     </span>
     <span class='ocr_line' id='line_1_21' title="bbox 180 2022 954 2107; baseline 0.003 -20"><span class='ocrx_word' id='word_1_147' title='bbox 180 2022 242 2087; x_wconf 77' lang='lat' dir='ltr'>‘Ne</span> <span class='ocrx_word' id='word_1_148' title='bbox 267 2023 415 2101; x_wconf 80' lang='lat' dir='ltr'><strong>dubites’,</strong></span> <span class='ocrx_word' id='word_1_149' title='bbox 437 2024 552 2107; x_wconf 84' lang='lat' dir='ltr'><strong>inquit,</strong></span> <span class='ocrx_word' id='word_1_150' title='bbox 575 2023 698 2088; x_wconf 71' lang='lat' dir='ltr'><strong>‘noster</strong></span> <span class='ocrx_word' id='word_1_151' title='bbox 722 2024 845 2089; x_wconf 84' lang='lat' dir='ltr'><strong>amicus</strong></span> <span class='ocrx_word' id='word_1_152' title='bbox 869 2023 954 2089; x_wconf 88' lang='lat' dir='ltr'><strong>eris’.</strong></span> 
     </span>
     <span class='ocr_line' id='line_1_22' title="bbox 138 2111 1064 2196; baseline 0.001 -20"><span class='ocrx_word' id='word_1_153' title='bbox 138 2111 200 2176; x_wconf 84' lang='lat' dir='ltr'>‘Ne</span> <span class='ocrx_word' id='word_1_154' title='bbox 224 2111 372 2184; x_wconf 61' lang='lat' dir='ltr'><strong>dubites,</strong></span> <span class='ocrx_word' id='word_1_155' title='bbox 396 2112 503 2194; x_wconf 83' lang='lat' dir='ltr'><strong>iterat,</strong></span> <span class='ocrx_word' id='word_1_156' title='bbox 528 2111 661 2176; x_wconf 86' lang='lat' dir='ltr'><strong>dubium</strong></span> <span class='ocrx_word' id='word_1_157' title='bbox 685 2134 736 2176; x_wconf 90' lang='lat' dir='ltr'>me</span> <span class='ocrx_word' id='word_1_158' title='bbox 759 2134 897 2196; x_wconf 86' lang='lat' dir='ltr'>nemque</span> <span class='ocrx_word' id='word_1_159' title='bbox 920 2112 1064 2196; x_wconf 80' lang='lat' dir='ltr'><strong>uidebat,</strong></span> 
     </span>
     <span class='ocr_line' id='line_1_23' title="bbox 83 2197 878 2284; baseline 0.008 -26"><span class='ocrx_word' id='word_1_160' title='bbox 83 2214 122 2258; x_wconf 76' lang='lat'><strong>150</strong></span> <span class='ocrx_word' id='word_1_161' title='bbox 180 2197 271 2264; x_wconf 74' lang='lat' dir='ltr'><strong>‘Sola</strong></span> <span class='ocrx_word' id='word_1_162' title='bbox 294 2198 423 2283; x_wconf 90' lang='lat' dir='ltr'>quidem</span> <span class='ocrx_word' id='word_1_163' title='bbox 448 2199 511 2264; x_wconf 90' lang='lat' dir='ltr'><strong>soli</strong></span> <span class='ocrx_word' id='word_1_164' title='bbox 534 2199 651 2284; x_wconf 81' lang='lat' dir='ltr'><strong>iungar</strong></span> <span class='ocrx_word' id='word_1_165' title='bbox 675 2222 785 2265; x_wconf 87' lang='lat' dir='ltr'>amore</span> <span class='ocrx_word' id='word_1_166' title='bbox 808 2201 878 2266; x_wconf 90' lang='lat' dir='ltr'><strong>tibi.</strong></span> 
     </span>
     <span class='ocr_line' id='line_1_24' title="bbox 135 2288 1027 2376; baseline 0 -23"><span class='ocrx_word' id='word_1_167' title='bbox 135 2288 256 2354; x_wconf 88' lang='lat' dir='ltr'><strong>Noster</strong></span> <span class='ocrx_word' id='word_1_168' title='bbox 280 2289 343 2353; x_wconf 89' lang='lat' dir='ltr'><strong>eris</strong></span> <span class='ocrx_word' id='word_1_169' title='bbox 366 2291 578 2376; x_wconf 83' lang='lat' dir='ltr'><strong>nostramque</strong></span> <span class='ocrx_word' id='word_1_170' title='bbox 602 2289 686 2354; x_wconf 84' lang='lat' dir='ltr'>dabo</span> <span class='ocrx_word' id='word_1_171' title='bbox 710 2289 771 2353; x_wconf 90' lang='lat' dir='ltr'><strong>tibi</strong></span> <span class='ocrx_word' id='word_1_172' title='bbox 795 2289 1027 2375; x_wconf 83' lang='lat' dir='ltr'><strong>uirginitatem,</strong></span> 
     </span>
    </p>
   </div>
   <div class='ocr_carea' id='block_1_3' title="bbox 36 2376 1003 2638">
    <p class='ocr_par' dir='ltr' id='par_1_3' title="bbox 36 2376 1003 2638">
     <span class='ocr_line' id='line_1_25' title="bbox 178 2376 882 2463; baseline -0.001 -21"><span class='ocrx_word' id='word_1_173' title='bbox 178 2376 266 2443; x_wconf 87' lang='lat' dir='ltr'><strong>Nam</strong></span> <span class='ocrx_word' id='word_1_174' title='bbox 289 2378 351 2441; x_wconf 90' lang='lat' dir='ltr'><strong>tibi</strong></span> <span class='ocrx_word' id='word_1_175' title='bbox 375 2382 523 2443; x_wconf 83' lang='lat' dir='ltr'><strong>seruetur</strong></span> <span class='ocrx_word' id='word_1_176' title='bbox 545 2376 746 2463; x_wconf 78' lang='lat' dir='ltr'><strong>uirginitatis</strong></span> <span class='ocrx_word' id='word_1_177' title='bbox 769 2378 882 2443; x_wconf 92' lang='lat' dir='ltr'>honor.</span> 
     </span>
     <span class='ocr_line' id='line_1_26' title="bbox 36 2463 994 2552; baseline -0.001 -22"><span class='ocrx_word' id='word_1_178' title='bbox 36 2463 38 2467; x_wconf 67' lang='grc'>’</span> <span class='ocrx_word' id='word_1_179' title='bbox 135 2465 180 2530; x_wconf 82' lang='lat' dir='ltr'><strong>Et</strong></span> <span class='ocrx_word' id='word_1_180' title='bbox 202 2489 243 2530; x_wconf 90' lang='lat' dir='ltr'>ne</span> <span class='ocrx_word' id='word_1_181' title='bbox 267 2488 323 2550; x_wconf 91' lang='lat' dir='ltr'><strong>spe</strong></span> <span class='ocrx_word' id='word_1_182' title='bbox 348 2466 445 2530; x_wconf 85' lang='lat' dir='ltr'><strong>dubia</strong></span> <span class='ocrx_word' id='word_1_183' title='bbox 468 2489 526 2550; x_wconf 88' lang='lat' dir='ltr'><strong>per</strong></span> <span class='ocrx_word' id='word_1_184' title='bbox 548 2470 696 2550; x_wconf 86' lang='lat' dir='ltr'><strong>tempore</strong></span> <span class='ocrx_word' id='word_1_185' title='bbox 719 2468 819 2552; x_wconf 85' lang='lat' dir='ltr'>longa</span> <span class='ocrx_word' id='word_1_186' title='bbox 841 2466 994 2550; x_wconf 82' lang='lat' dir='ltr'><strong>traheris,</strong></span> 
     </span>
     <span class='ocr_line' id='line_1_27' title="bbox 179 2553 1003 2638; baseline 0.002 -21"><span class='ocrx_word' id='word_1_187' title='bbox 179 2553 250 2618; x_wconf 88' lang='lat' dir='ltr'>Hae</span> <span class='ocrx_word' id='word_1_188' title='bbox 272 2554 308 2617; x_wconf 90' lang='lat' dir='ltr'><strong>in</strong></span> <span class='ocrx_word' id='word_1_189' title='bbox 330 2558 423 2619; x_wconf 90' lang='lat' dir='ltr'><strong>nocte</strong></span> <span class='ocrx_word' id='word_1_190' title='bbox 447 2553 532 2618; x_wconf 88' lang='lat' dir='ltr'><strong>thori</strong></span> <span class='ocrx_word' id='word_1_191' title='bbox 557 2576 691 2618; x_wconf 84' lang='lat' dir='ltr'>munera</span> <span class='ocrx_word' id='word_1_192' title='bbox 714 2559 811 2638; x_wconf 84' lang='lat' dir='ltr'><strong>pecta</strong></span> <span class='ocrx_word' id='word_1_193' title='bbox 833 2554 938 2619; x_wconf 84' lang='lat' dir='ltr'>feres&#39;</span> <span class='ocrx_word' id='word_1_194' title='bbox 967 2591 1003 2600; x_wconf 95' lang='lat'><em>-</em></span> 
     </span>
    </p>
   </div>
   <div class='ocr_carea' id='block_1_4' title="bbox 104 2761 1159 3620">
    <p class='ocr_par' dir='ltr' id='par_1_4' title="bbox 104 2761 1159 3620">
     <span class='ocr_line' id='line_1_28' title="bbox 135 2761 1146 2835; baseline 0.003 -20"><span class='ocrx_word' id='word_1_195' title='bbox 135 2761 216 2816; x_wconf 86' lang='lat' dir='ltr'><strong>Nunc</strong></span> <span class='ocrx_word' id='word_1_196' title='bbox 229 2763 258 2815; x_wconf 92' lang='lat' dir='ltr'>M</span> <span class='ocrx_word' id='word_1_197' title='bbox 277 2792 311 2801; x_wconf 95' lang='lat'>-</span> <span class='ocrx_word' id='word_1_198' title='bbox 331 2762 367 2832; x_wconf 91' lang='lat' dir='ltr'><strong>si]</strong></span> <span class='ocrx_word' id='word_1_199' title='bbox 382 2763 405 2816; x_wconf 91' lang='lat' dir='ltr'><strong>si</strong></span> <span class='ocrx_word' id='word_1_200' title='bbox 419 2778 484 2816; x_wconf 89' lang='lat' dir='ltr'>vero</span> <span class='ocrx_word' id='word_1_201' title='bbox 498 2762 521 2815; x_wconf 92' lang='lat' dir='ltr'>P</span> <span class='ocrx_word' id='word_1_202' title='bbox 535 2795 567 2802; x_wconf 94' lang='lat'>—</span> <span class='ocrx_word' id='word_1_203' title='bbox 587 2768 644 2819; x_wconf 81' lang='lat'><strong>129</strong></span> <span class='ocrx_word' id='word_1_204' title='bbox 657 2763 787 2835; x_wconf 85' lang='lat' dir='ltr'><strong>Nullum]</strong></span> <span class='ocrx_word' id='word_1_205' title='bbox 801 2764 882 2818; x_wconf 90' lang='lat' dir='ltr'><strong>Nunc</strong></span> <span class='ocrx_word' id='word_1_206' title='bbox 895 2764 924 2817; x_wconf 93' lang='lat' dir='ltr'>M</span> <span class='ocrx_word' id='word_1_207' title='bbox 940 2795 972 2804; x_wconf 94' lang='lat'>—</span> <span class='ocrx_word' id='word_1_208' title='bbox 988 2765 1092 2818; x_wconf 87' lang='lat' dir='ltr'>donum</span> <span class='ocrx_word' id='word_1_209' title='bbox 1107 2765 1146 2818; x_wconf 91' lang='lat' dir='ltr'><strong>H:</strong></span> 
     </span>
     <span class='ocr_line' id='line_1_29' title="bbox 136 2831 1147 2959; baseline 0.003 -73"><span class='ocrx_word' id='word_1_210' title='bbox 136 2834 239 2887; x_wconf 91' lang='lat' dir='ltr'>donum</span> <span class='ocrx_word' id='word_1_211' title='bbox 258 2831 329 2886; x_wconf 90' lang='lat' dir='ltr'><strong>mihi</strong></span> <span class='ocrx_word' id='word_1_212' title='bbox 347 2831 403 2885; x_wconf 88' lang='grc' dir='ltr'><strong>ΜΡ</strong></span> <span class='ocrx_word' id='word_1_213' title='bbox 421 2864 454 2872; x_wconf 93' lang='grc'><strong>-</strong></span> <span class='ocrx_word' id='word_1_214' title='bbox 473 2833 634 2905; x_wconf 77' lang='lat' dir='ltr'><strong>pretiosius]</strong></span> <span class='ocrx_word' id='word_1_215' title='bbox 653 2834 789 2903; x_wconf 85' lang='lat' dir='ltr'><strong>preiosius</strong></span> <span class='ocrx_word' id='word_1_216' title='bbox 802 2835 831 2888; x_wconf 94' lang='lat' dir='ltr'>M</span> <span class='ocrx_word' id='word_1_217' title='bbox 847 2837 938 2890; x_wconf 91' lang='lat' dir='ltr'><strong>-est</strong></span> <span class='ocrx_word' id='word_1_218' title='bbox 956 2835 1005 2959; x_wconf 54' lang='lat' dir='ltr'><strong>tepJ</strong></span> <span class='ocrx_word' id='word_1_219' title='bbox 1022 2851 1051 2890; x_wconf 88' lang='lat' dir='ltr'><strong>es</strong></span> <span class='ocrx_word' id='word_1_220' title='bbox 1070 2835 1103 2889; x_wconf 94' lang='lat' dir='ltr'><strong>tu</strong></span> <span class='ocrx_word' id='word_1_221' title='bbox 1117 2835 1147 2889; x_wconf 94' lang='grc' dir='ltr'><strong>Μ</strong></span> 
     </span>
     <span class='ocr_line' id='line_1_30' title="bbox 136 2902 1144 2976; baseline 0.004 -19"><span class='ocrx_word' id='word_1_222' title='bbox 136 2934 169 2944; x_wconf 97' lang='grc'><strong>-</strong></span> <span class='ocrx_word' id='word_1_223' title='bbox 188 2908 241 2958; x_wconf 91' lang='grc'><strong>131</strong></span> <span class='ocrx_word' id='word_1_224' title='bbox 256 2902 362 2974; x_wconf 83' lang='lat' dir='ltr'><strong>Pelles]</strong></span> <span class='ocrx_word' id='word_1_225' title='bbox 377 2904 464 2959; x_wconf 86' lang='lat' dir='ltr'>om.P</span> <span class='ocrx_word' id='word_1_226' title='bbox 483 2935 516 2944; x_wconf 92' lang='lat'>-</span> <span class='ocrx_word' id='word_1_227' title='bbox 536 2904 673 2976; x_wconf 89' lang='lat' dir='ltr'><strong>Iunoque]</strong></span> <span class='ocrx_word' id='word_1_228' title='bbox 693 2906 723 2960; x_wconf 89' lang='lat' dir='ltr'><strong>et</strong></span> <span class='ocrx_word' id='word_1_229' title='bbox 736 2906 805 2960; x_wconf 90' lang='lat' dir='ltr'><strong>Iunc</strong></span> <span class='ocrx_word' id='word_1_230' title='bbox 820 2906 880 2960; x_wconf 91' lang='lat' dir='ltr'><strong>HM</strong></span> <span class='ocrx_word' id='word_1_231' title='bbox 899 2906 967 2961; x_wconf 80' lang='lat' dir='ltr'><strong>iuno</strong></span> <span class='ocrx_word' id='word_1_232' title='bbox 1020 2937 1052 2945; x_wconf 90' lang='lat'><em>-</em></span> <span class='ocrx_word' id='word_1_233' title='bbox 1067 2921 1144 2961; x_wconf 82' lang='lat' dir='ltr'>mee·</span> 
     </span>
     <span class='ocr_line' id='line_1_31' title="bbox 136 2975 1145 3047; baseline 0.002 -18"><span class='ocrx_word' id='word_1_234' title='bbox 136 2975 212 3046; x_wconf 87' lang='lat' dir='ltr'><strong>runt]</strong></span> <span class='ocrx_word' id='word_1_235' title='bbox 231 2979 368 3030; x_wconf 86' lang='lat' dir='ltr'>venerunt</span> <span class='ocrx_word' id='word_1_236' title='bbox 386 2975 452 3029; x_wconf 79' lang='lat' dir='ltr'><strong>libri</strong></span> <span class='ocrx_word' id='word_1_237' title='bbox 475 3005 508 3014; x_wconf 89' lang='lat'><em>-</em></span> <span class='ocrx_word' id='word_1_238' title='bbox 532 2980 589 3030; x_wconf 80' lang='lat'><strong>132</strong></span> <span class='ocrx_word' id='word_1_239' title='bbox 608 2975 695 3031; x_wconf 86' lang='lat' dir='ltr'><strong>Offert</strong></span> <span class='ocrx_word' id='word_1_240' title='bbox 713 2976 853 3047; x_wconf 81' lang='lat' dir='ltr'><strong>quaeque]</strong></span> <span class='ocrx_word' id='word_1_241' title='bbox 873 2976 979 3032; x_wconf 87' lang='lat' dir='ltr'>Offerre</span> <span class='ocrx_word' id='word_1_242' title='bbox 998 2993 1051 3045; x_wconf 89' lang='lat' dir='ltr'><strong>que</strong></span> <span class='ocrx_word' id='word_1_243' title='bbox 1069 2978 1091 3031; x_wconf 92' lang='lat' dir='ltr'>P</span> <span class='ocrx_word' id='word_1_244' title='bbox 1112 3007 1145 3016; x_wconf 92' lang='lat'><em>—</em></span> 
     </span>
     <span class='ocr_line' id='line_1_32' title="bbox 136 3044 1146 3118; baseline 0.002 -18"><span class='ocrx_word' id='word_1_245' title='bbox 136 3045 290 3116; x_wconf 78' lang='lat' dir='ltr'>quaeque&#39;]</span> <span class='ocrx_word' id='word_1_246' title='bbox 310 3060 420 3114; x_wconf 90' lang='lat' dir='ltr'><strong>quoque</strong></span> <span class='ocrx_word' id='word_1_247' title='bbox 434 3044 462 3097; x_wconf 93' lang='lat' dir='ltr'>H</span> <span class='ocrx_word' id='word_1_248' title='bbox 476 3076 509 3085; x_wconf 91' lang='lat'>-</span> <span class='ocrx_word' id='word_1_249' title='bbox 525 3050 579 3101; x_wconf 86' lang='lat'><strong>135</strong></span> <span class='ocrx_word' id='word_1_250' title='bbox 592 3045 756 3118; x_wconf 87' lang='lat' dir='ltr'><strong>pretiosius]</strong></span> <span class='ocrx_word' id='word_1_251' title='bbox 771 3047 906 3116; x_wconf 87' lang='lat' dir='ltr'><strong>precisius</strong></span> <span class='ocrx_word' id='word_1_252' title='bbox 921 3048 950 3101; x_wconf 92' lang='lat' dir='ltr'>M</span> <span class='ocrx_word' id='word_1_253' title='bbox 965 3079 998 3088; x_wconf 93' lang='lat'>-</span> <span class='ocrx_word' id='word_1_254' title='bbox 1014 3051 1068 3102; x_wconf 85' lang='grc'><strong>137</strong></span> <span class='ocrx_word' id='word_1_255' title='bbox 1083 3048 1146 3118; x_wconf 90' lang='lat' dir='ltr'><strong>suo]</strong></span> 
     </span>
     <span class='ocr_line' id='line_1_33' title="bbox 136 3115 1146 3189; baseline -0.001 -16"><span class='ocrx_word' id='word_1_256' title='bbox 136 3134 186 3173; x_wconf 84' lang='lat' dir='ltr'><strong>om.</strong></span> <span class='ocrx_word' id='word_1_257' title='bbox 206 3117 273 3173; x_wconf 80' lang='lat' dir='ltr'><strong>libri</strong></span> <span class='ocrx_word' id='word_1_258' title='bbox 290 3138 324 3158; x_wconf 69' lang='lat'><em>—</em></span> <span class='ocrx_word' id='word_1_259' title='bbox 343 3121 398 3172; x_wconf 87' lang='lat'><strong>140</strong></span> <span class='ocrx_word' id='word_1_260' title='bbox 412 3115 497 3170; x_wconf 77' lang='lat' dir='ltr'><strong>Cuius</strong></span> <span class='ocrx_word' id='word_1_261' title='bbox 509 3115 659 3189; x_wconf 80' lang='lat' dir='ltr'>Helenum]</span> <span class='ocrx_word' id='word_1_262' title='bbox 680 3117 764 3174; x_wconf 83' lang='lat' dir='ltr'><strong>Cuius</strong></span> <span class='ocrx_word' id='word_1_263' title='bbox 782 3118 812 3173; x_wconf 90' lang='lat' dir='ltr'><strong>in</strong></span> <span class='ocrx_word' id='word_1_264' title='bbox 830 3118 952 3189; x_wconf 89' lang='lat' dir='ltr'><strong>pretium</strong></span> <span class='ocrx_word' id='word_1_265' title='bbox 967 3119 996 3172; x_wconf 92' lang='lat' dir='ltr'>M</span> <span class='ocrx_word' id='word_1_266' title='bbox 1015 3149 1049 3159; x_wconf 87' lang='lat'>-</span> <span class='ocrx_word' id='word_1_267' title='bbox 1067 3117 1146 3172; x_wconf 90' lang='lat' dir='ltr'><strong>iuue-</strong></span> 
     </span>
     <span class='ocr_line' id='line_1_34' title="bbox 135 3186 1146 3258; baseline 0.003 -17"><span class='ocrx_word' id='word_1_268' title='bbox 135 3203 200 3242; x_wconf 90' lang='lat' dir='ltr'><strong>nem</strong></span> <span class='ocrx_word' id='word_1_269' title='bbox 214 3186 333 3258; x_wconf 81' lang='lat' dir='ltr'><strong>suscipit</strong></span> <span class='ocrx_word' id='word_1_270' title='bbox 345 3187 375 3242; x_wconf 92' lang='lat' dir='ltr'><strong>in</strong></span> <span class='ocrx_word' id='word_1_271' title='bbox 388 3187 522 3258; x_wconf 88' lang='lat' dir='ltr'><strong>pretium]</strong></span> <span class='ocrx_word' id='word_1_272' title='bbox 538 3187 667 3244; x_wconf 89' lang='lat' dir='ltr'>iuuenem</span> <span class='ocrx_word' id='word_1_273' title='bbox 682 3190 805 3258; x_wconf 85' lang='lat' dir='ltr'><strong>suscepit</strong></span> <span class='ocrx_word' id='word_1_274' title='bbox 818 3190 950 3244; x_wconf 81' lang='lat' dir='ltr'>helenam</span> <span class='ocrx_word' id='word_1_275' title='bbox 963 3188 993 3241; x_wconf 96' lang='lat' dir='ltr'>M</span> <span class='ocrx_word' id='word_1_276' title='bbox 1011 3187 1146 3244; x_wconf 88' lang='lat' dir='ltr'><strong>iuuenum</strong></span> 
     </span>
     <span class='ocr_line' id='line_1_35' title="bbox 136 3257 1147 3331; baseline 0.003 -18"><span class='ocrx_word' id='word_1_277' title='bbox 136 3259 259 3328; x_wconf 86' lang='lat' dir='ltr'><strong>suscepit</strong></span> <span class='ocrx_word' id='word_1_278' title='bbox 277 3257 307 3312; x_wconf 90' lang='lat' dir='ltr'><strong>in</strong></span> <span class='ocrx_word' id='word_1_279' title='bbox 326 3259 449 3328; x_wconf 88' lang='lat' dir='ltr'><strong>precium</strong></span> <span class='ocrx_word' id='word_1_280' title='bbox 467 3259 592 3327; x_wconf 89' lang='lat' dir='ltr'><strong>(precum</strong></span> <span class='ocrx_word' id='word_1_281' title='bbox 605 3259 642 3330; x_wconf 88' lang='lat' dir='ltr'><strong>H)</strong></span> <span class='ocrx_word' id='word_1_282' title='bbox 662 3259 714 3314; x_wconf 92' lang='grc' dir='ltr'><strong>ΗΡ</strong></span> <span class='ocrx_word' id='word_1_283' title='bbox 734 3291 768 3301; x_wconf 92' lang='grc'><strong>-</strong></span> <span class='ocrx_word' id='word_1_284' title='bbox 787 3265 839 3316; x_wconf 88' lang='grc'><strong>144</strong></span> <span class='ocrx_word' id='word_1_285' title='bbox 857 3261 950 3331; x_wconf 87' lang='lat' dir='ltr'><strong>potes]</strong></span> <span class='ocrx_word' id='word_1_286' title='bbox 971 3261 1066 3329; x_wconf 86' lang='lat' dir='ltr'><strong>potest</strong></span> <span class='ocrx_word' id='word_1_287' title='bbox 1080 3260 1147 3316; x_wconf 76' lang='lat' dir='ltr'><strong><em>libri</em></strong></span> 
     </span>
     <span class='ocr_line' id='line_1_36' title="bbox 136 3327 1146 3402; baseline -0.001 -19"><span class='ocrx_word' id='word_1_288' title='bbox 136 3361 171 3371; x_wconf 89' lang='lat'>—</span> <span class='ocrx_word' id='word_1_289' title='bbox 190 3334 243 3384; x_wconf 86' lang='lat'><strong>145</strong></span> <span class='ocrx_word' id='word_1_290' title='bbox 261 3329 326 3401; x_wconf 88' lang='lat' dir='ltr'><strong>Hic]</strong></span> <span class='ocrx_word' id='word_1_291' title='bbox 345 3329 404 3386; x_wconf 88' lang='lat' dir='ltr'><strong>Hec</strong></span> <span class='ocrx_word' id='word_1_292' title='bbox 422 3330 449 3383; x_wconf 89' lang='lat' dir='ltr'>H</span> <span class='ocrx_word' id='word_1_293' title='bbox 467 3359 502 3371; x_wconf 93' lang='lat'><em>-</em></span> <span class='ocrx_word' id='word_1_294' title='bbox 521 3327 577 3400; x_wconf 89' lang='lat' dir='ltr'><strong>uis]</strong></span> <span class='ocrx_word' id='word_1_295' title='bbox 597 3330 684 3386; x_wconf 87' lang='lat' dir='ltr'>om.P</span> <span class='ocrx_word' id='word_1_296' title='bbox 703 3362 737 3371; x_wconf 91' lang='lat'><em>-</em></span> <span class='ocrx_word' id='word_1_297' title='bbox 758 3336 811 3388; x_wconf 87' lang='lat'><strong>146</strong></span> <span class='ocrx_word' id='word_1_298' title='bbox 830 3331 963 3402; x_wconf 84' lang='lat' dir='ltr'><strong>exterius]</strong></span> <span class='ocrx_word' id='word_1_299' title='bbox 983 3329 1101 3385; x_wconf 87' lang='lat' dir='ltr'><strong>interius</strong></span> <span class='ocrx_word' id='word_1_300' title='bbox 1116 3329 1146 3382; x_wconf 94' lang='lat' dir='ltr'>M</span> 
     </span>
     <span class='ocr_line' id='line_1_37' title="bbox 136 3397 1145 3484; baseline 0.002 -30"><span class='ocrx_word' id='word_1_301' title='bbox 136 3430 169 3440; x_wconf 96' lang='lat'><em>-</em></span> <span class='ocrx_word' id='word_1_302' title='bbox 190 3404 244 3456; x_wconf 82' lang='lat'><strong>148</strong></span> <span class='ocrx_word' id='word_1_303' title='bbox 262 3399 355 3481; x_wconf 78' lang='lat' dir='ltr'><strong>inquit</strong></span> <span class='ocrx_word' id='word_1_304' title='bbox 363 3397 413 3484; x_wconf 33' lang='lat' dir='ltr'><strong>&#39;Me‘</strong></span> <span class='ocrx_word' id='word_1_305' title='bbox 429 3398 501 3455; x_wconf 87' lang='lat' dir='ltr'><strong>dixit</strong></span> <span class='ocrx_word' id='word_1_306' title='bbox 513 3399 566 3483; x_wconf 83' lang='grc' dir='ltr'><strong>ΗΡ</strong></span> <span class='ocrx_word' id='word_1_307' title='bbox 586 3432 618 3441; x_wconf 93' lang='grc'>-</span> <span class='ocrx_word' id='word_1_308' title='bbox 639 3403 761 3484; x_wconf 70' lang='grc'><em>143111]</em></span> <span class='ocrx_word' id='word_1_309' title='bbox 780 3401 836 3457; x_wconf 89' lang='lat' dir='ltr'>Nel</span> <span class='ocrx_word' id='word_1_310' title='bbox 853 3402 880 3455; x_wconf 92' lang='lat' dir='ltr'>H</span> <span class='ocrx_word' id='word_1_311' title='bbox 899 3433 932 3444; x_wconf 91' lang='lat'><em>-</em></span> <span class='ocrx_word' id='word_1_312' title='bbox 951 3401 1145 3474; x_wconf 80' lang='lat' dir='ltr'>mecumque]</span> 
     </span>
     <span class='ocr_line' id='line_1_38' title="bbox 104 3471 1159 3620; baseline 0.009 -36"><span class='ocrx_word' id='word_1_313' title='bbox 104 3471 1159 3620; x_wconf 40' lang='lat' dir='ltr'><strong>„esseeinsuescentemcccccccccc</strong></span> 
     </span>
    </p>
   </div>
   <div class='ocr_carea' id='block_1_5' title="bbox 0 0 1221 3832">
    <p class='ocr_par' dir='ltr' id='par_1_5' title="bbox 0 0 1221 3832">
     <span class='ocr_line' id='line_1_39' title="bbox 0 0 1221 3832; baseline 0 0"><span class='ocrx_word' id='word_1_314' title='bbox 0 0 1221 3832; x_wconf 95' lang='lat' dir='ltr'><strong> </strong></span> 
     </span>
    </p>
   </div>
  </div>
 </body>
</html>
