2430 3832
90 141 135 205 34
158 141 433 198 PROLEGOMENA
446 143 497 198 ΑΙ)
513 141 732 199 COMOEDIAM
745 144 794 199 DE
808 143 951 200 NVNTIO
966 144 1115 204 sacret

135 304 213 460 Esltq
223 310 263 460 eg
279 328 406 391 semper
429 310 512 392 erat,
535 308 644 373 iuueni
667 308 753 392 quod
776 308 869 394 virgo
892 308 1049 392 placebat
1067 340 1114 364 ==

136 481 215 637 Quies
241 507 308 638 rsron
334 485 480 549 laudauit
508 485 536 549 si
563 484 733 569 pulchram
755 485 892 569 pulcher
915 487 1041 550 amauit
1065 517 1114 540 =

136 658 233 726 Vltra
255 683 321 726 non
341 682 431 725 cures
455 663 617 726 nouerunt
639 662 721 726 talia
743 661 854 746 plures
870 691 911 715 ==
926 660 967 727 N.
983 660 1014 728 S.
1030 663 1114 731 246.

136 747 229 902 'Paga
241 748 461 903 gui5faciunh
484 771 551 814 non
570 772 680 815 omnes
704 749 777 814 inde
795 751 950 835 perinunt
970 751 1041 833 [cic]
1063 783 1111 807 =

136 923 233 990 Multi
249 927 417 992 saluantur
436 949 497 1012 que
510 928 584 1012 plus
598 948 749 1011 peccasse
762 927 944 1011 probantur
959 957 1000 980 =
1015 925 1059 994 N.
1074 927 1110 995 S.

134 1101 212 1168 Non
241 1125 301 1189 ego
331 1127 401 1169 sum
431 1104 502 1168 sola
529 1124 591 1187 que
619 1124 691 1167 sum
719 1103 1039 1169 maledicta-vocata
1064 1136 1110 1159 =

90 1279 129 1344 In
153 1280 294 1344 eiusdem
318 1279 470 1365 florilegii
493 1280 550 1344 lib.
568 1279 601 1344 II
625 1302 694 1364 cap.
712 1278 809 1345 XXII
838 1279 899 1345 ‘De
922 1280 1025 1345 seruis
1049 1303 1110 1347 ne-

92 1388 188 1451 quam
220 1391 287 1433 non
319 1366 512 1433 exaltandis'
545 1369 605 1433 sub
637 1369 768 1433 nomine
800 1368 959 1434 Bernardi
987 1367 1109 1454 Palpo·

91 1456 196 1521 nistae
219 1457 340 1542 legitur
362 1457 468 1521 nostri
492 1456 644 1521 carminis
667 1478 698 1522 u.
721 1456 798 1523 225:

160 1541 255 1609 ‘Nam
281 1567 393 1611 seruus
411 1567 553 1629 nequam
571 1567 739 1629 nunquam
758 1568 827 1610 rem
847 1546 956 1630 diligit
974 1546 1107 1629 equam'

92 1638 126 1699 et
144 1634 179 1698 in
197 1635 254 1700 lib.
273 1634 322 1699 111
342 1657 410 1718 cap.
428 1633 477 1700 IV
497 1632 603 1710 ‘Quod
620 1633 809 1719 potentibus
830 1634 934 1699 soleat
951 1634 1107 1699 inuideri’

92 1723 195 1788 eidem
220 1725 445 1789 attribuuntur
465 1724 573 1789 nostri
594 1723 756 1808 poematis
779 1745 832 1787 uu.
858 1723 921 1789 125
931 1744 991 1806 sq.:

136 1812 213 1878 ‘Vix
236 1815 352 1879 viuunt
374 1814 476 1898 aliqui
501 1813 681 1898 quicunque
704 1814 862 1878 uocantur
885 1811 989 1894 amici,

136 1900 200 1977 Qui
221 1903 348 1985 possint
370 1923 444 1966 vere
467 1901 597 1968 firmum
622 1899 686 1964 sibi
707 1899 800 1965 fedus
823 1897 962 1965 habere?

91 1987 256 2052 Bernardo
286 1989 387 2073 igitur
415 1988 588 2070 Geystensi
615 2009 745 2051 carmen
772 1991 919 2054 nostrum
950 1988 1105 2056 attribuit

90 2075 260 2140 Fabricius
279 2077 312 2140 in
330 2075 411 2140 bibl.
425 2076 480 2140 lat
494 2075 578 2140 med.
594 2079 627 2139 et
644 2074 702 2140 inf.
721 2084 781 2141 aet.
795 2079 875 2143 tom.
889 2077 905 2141 Ι
924 2099 955 2161 p.
968 2077 1104 2166 214sq.,

90 2164 181 2228 cuius
210 2165 370 2228 sententia
398 2163 477 2228 satis
507 2174 671 2248 superque
689 2163 849 2230 refellitur
869 2165 1028 2230 rimorum
1049 2187 1105 2232 ra-

89 2253 187 2319 tione.
233 2251 417 2318 Bernardus
441 2253 525 2317 enim
548 2253 650 2318 rimos
674 2252 824 2318 adhibuit
844 2253 1036 2338 bisyllabos.

156 2340 304 2427 Denique
322 2342 356 2406 in
375 2340 483 2408 codice
499 2339 768 2406 Halberstadensi
783 2342 823 2406 71
845 2342 1015 2407 chartaceo
1035 2363 1105 2407 sae-

90 2431 155 2496 culi
167 2430 231 2497 XV
248 2432 404 2497 tredecim
422 2431 604 2496 hexametri
623 2431 735 2514 scripti
756 2434 831 2496 sunt
847 2452 885 2495 ex
903 2433 1016 2495 nostre
1035 2452 1104 2495 car·

89 2520 175 2585 mine
194 2516 261 2606 (uu.
280 2518 425 2607 35-51)
450 2520 574 2605 sumpti
597 2542 668 2584 cum
692 2519 788 2584 titulo
812 2516 958 2583 ‘Ouidius
981 2519 1104 2602 puella

89 2630 162 2671 rum
194 2607 332 2672 feliciter
359 2607 492 2692 incipit'
520 2613 553 2672 et
580 2607 817 2692 subscriptione
846 2606 952 2672 ‘Finis
981 2606 1074 2672 adest
1082 2608 1103 2674 ².

88 2693 207 2760 Varias
230 2695 383 2761 lectiones
406 2697 524 2761 horum
543 2717 696 2761 uersuum
719 2695 827 2779 recepi
849 2695 884 2760 in
908 2699 1102 2781 apparatum

89 2783 238 2849 criticum
255 2782 281 2847 h
300 2783 411 2848 littera
428 2787 561 2848 notatas
577 2806 615 2848 ex
630 2784 770 2849 editione
784 2783 938 2849 Guilelmi
952 2783 1101 2849 Watten·

89 2872 173 2937 bach
199 2872 235 2936 in
259 2870 435 2957 ‘Anzeiger
457 2872 510 2936 fiir
533 2871 648 2937 Kunde
672 2872 728 2936 der
751 2871 926 2937 deutschen
949 2871 1101 2938 Vorzeit'

89 2961 155 3027 uol.
177 2959 272 3026 XXV
296 2957 413 3048 (1878)
437 2961 497 3026 col.
521 2960 595 3026 315.

487 3256 700 3266 --——-
