2430 3832
506 981 640 1062 caput
666 982 743 1049 111.

165 1133 219 1198 De
243 1133 428 1198 carminis
453 1134 618 1219 origine,
640 1133 776 1216 titulo,
800 1131 1084 1198 aestimatione.

183 1289 386 1377 Quamquam
400 1292 435 1356 in
447 1292 541 1358 libris
552 1292 703 1357 omnibus
714 1290 830 1358 Ouidio
841 1312 969 1356 carmen
978 1296 1128 1357 nostrum

116 1380 312 1444 attributum
332 1383 394 1460 est,
417 1402 513 1445 nemo
536 1386 646 1445 tamen
665 1381 824 1467 cogitabit
848 1380 886 1444 de
906 1378 1038 1445 Nasone
1061 1380 1127 1446 leo·

115 1467 267 1533 ninorum
298 1469 413 1535 horum
441 1490 594 1534 uersuum
621 1474 760 1535 auctore.
811 1468 891 1545 Quis
920 1490 996 1533 uero
1029 1468 1129 1534 fuerit

114 1560 227 1622 auctor
254 1557 394 1623 fortasse
420 1580 587 1643 nunquam
614 1558 843 1623 enucleabitur.
888 1556 1030 1622 Etcum
1057 1580 1127 1641 per-

114 1647 219 1711 multa
237 1647 335 1711 medii
354 1648 426 1713 aeui
445 1647 589 1713 carmina
607 1669 627 1711 a
646 1669 709 1730 quo
734 1647 820 1711 facta
840 1645 908 1710 sint
932 1647 1128 1731 ignoremus,

115 1734 191 1819 quia
214 1735 348 1801 docendi
368 1736 574 1821 discendique
593 1758 691 1802 causa
711 1758 730 1800 a
753 1735 822 1799 ludi
843 1735 1012 1819 magistris
1036 1735 1128 1800 disci-

113 1824 240 1907 pulisue
267 1825 457 1908 compositis
485 1825 626 1889 auctoris
658 1846 777 1889 nornen
808 1823 924 1888 addere
948 1845 1028 1906 opus
1057 1845 1124 1888 non

114 1915 198 1993 erat,
228 1913 388 1995 imprimis
415 1915 450 1977 in
477 1913 540 1978 hoc
569 1935 636 1977 non
662 1913 869 1996 mirabimur,
899 1911 985 1996 quod
1012 1915 1124 1976 auctor

112 2020 232 2063 nomen
256 2022 349 2064 suum
368 2001 486 2066 celauit
506 2004 538 2065 et
558 1998 673 2066 Ouidio
693 2022 774 2085 opus
794 2000 979 2084 adscripsit,
1002 2000 1121 2084 quippe

113 2089 148 2150 in
171 2109 234 2172 quo
259 2088 297 2152 de
316 2110 350 2152 se
370 2090 442 2172 ipsc
461 2111 513 2153 res
532 2093 643 2154 narret
661 2090 800 2155 lasciuas
820 2094 853 2154 et
871 2089 1026 2174 impuras.
1060 2087 1123 2154 Sed

114 2177 356 2261 quaerentibus,
378 2200 442 2262 qua
465 2181 572 2242 aetate
596 2181 628 2243 et
647 2179 680 2242 in
700 2200 764 2262 qua
781 2178 915 2265 regione
934 2199 1065 2242 carmen
1082 2176 1123 2241 ad

113 2268 218 2333 lucem
245 2266 415 2352 prodierit,
446 2267 509 2331 duo
538 2266 732 2332 adminicula
758 2267 853 2333 nobis
876 2269 1007 2352 praesto
1038 2269 1122 2350 sunt,

114 2356 230 2440 quibus
254 2356 357 2420 innixi
376 2355 513 2442 originis
536 2360 664 2439 tempus
684 2354 995 2420 circumscribamus.
1033 2352 1126 2419 Alte·

113 2468 186 2509 rum
211 2467 303 2509 sumo
328 2467 366 2509 ex
390 2445 530 2530 epistula
555 2443 714 2509 amatoria
737 2444 826 2509 edita
848 2445 882 2509 in
902 2442 979 2507 ‘Des
998 2439 1126 2506 Minna-

114 2554 212 2617 sangs
240 2529 458 2618 Fruhling’1),
485 2532 576 2596 cuius
603 2533 697 2598 initio
725 2530 804 2597 haec
832 2533 998 2616 leguntur:
1031 2528 1126 2595 ‘dicit

113 2622 244 2706 quidam
268 2620 327 2685 sub
351 2621 480 2685 nomine
501 2619 609 2685 Ovidii
633 2621 672 2685 de
698 2642 808 2685 amore
828 2619 1006 2704 Sperabam
1026 2619 1075 2685 af
1082 2619 1099 2683 f
1103 2618 1127 2683 f.

114 2732 209 2794 quem
233 2713 345 2775 tamen
369 2731 496 2774 versum
517 2709 602 2795 apud
622 2731 673 2774 me
695 2708 771 2775 volo
791 2709 872 2774 alias
892 2730 961 2774 esse
980 2730 1126 2773 versum.

114 2820 189 2863 nam
209 2798 381 2883 sperabam
400 2819 466 2863 nen
486 2820 556 2863 esse
571 2820 651 2882 opus
665 2797 763 2862 nullis
779 2797 925 2881 seriptis:
945 2797 999 2861 sed
1014 2819 1126 2861 rursus

115 2887 156 2951 ad
179 2910 270 2952 arma
294 2908 390 2952 vocor
411 2890 444 2951 et
463 2908 543 2971 quos
562 2908 629 2952 non
645 2886 749 2971 volui,
772 2906 872 2971 cogor
890 2885 973 2950 inire
992 2883 1126 2951 modos?

115 2973 342 3041 Certissimum
361 2979 410 3041 est
428 2975 580 3060 scriptori
598 2975 693 3041 huius
714 2975 871 3060 epistulae
890 2979 1039 3039 nostrum
1058 2994 1125 3037 car-

114 3086 190 3129 men
211 3068 326 3129 notum
348 3061 491 3150 fuisse.²)
529 3063 636 3130 Ooder
661 3069 783 3148 autem,
807 3085 848 3157 ⁰¹.
870 3084 933 3148 quo
957 3061 1035 3124 haec
1059 3059 1126 3144 epi-

189 3258 214 3326 1)
233 3257 276 3312 ed.
296 3256 456 3311 Lachmann
474 3258 504 3311 et
522 3257 629 3324 Haupt,
648 3274 675 3326 p.
690 3262 751 3311 224.

186 3333 214 3394 2)
233 3328 341 3381 Primus
367 3326 398 3383 Ο,
422 3325 557 3381 Jaenicke
580 3325 619 3395 (Z.
642 3330 661 3382 f.
685 3328 711 3384 d.
735 3326 769 3382 A.
793 3324 849 3380 nol.
868 3322 934 3377 XIV
962 3340 989 3391 p.
1009 3323 1072 3391 559)
1095 3322 1126 3376 in

95 3395 155 3445 illo
180 3395 345 3462 sperabam
366 3397 463 3454 c‘fff'
483 3399 573 3453 latere
591 3396 665 3453 uidit
682 3397 718 3454 N.
737 3397 764 3453 S.
783 3415 810 3452 u.
829 3400 855 3466 a,
875 3393 925 3449 sed
944 3394 1030 3449 etiam
1050 3393 1127 3463 quod

84 3461 223 3523 requitur
245 3466 355 3521 ‘rursm
368 3471 408 3524 ad
422 3487 506 3536 arma
520 3470 633 3542 vocor',
651 3470 723 3526 item
740 3469 860 3526 iortasse
875 3465 1130 3522 centrariumittud
