2430 3832
523 921 658 1002 caput
684 921 738 988 11.

368 1072 421 1137 Dc
443 1094 534 1138 uero
558 1073 718 1137 fabulae
741 1072 897 1137 ambitu.

191 1230 426 1299 ‘Comoediam'
450 1232 608 1317 adscripsi
631 1232 707 1297 huic
729 1231 858 1297 fabulae
881 1232 1012 1297 titulum
1036 1236 1139 1297 otest

122 1321 291 1387 comoedia
314 1321 401 1387 sicut
425 1326 555 1386 seruata
574 1325 636 1405 est,
661 1320 814 1405 quoniam
832 1320 973 1386 comicae
992 1324 1138 1386 tanturn-

124 1409 220 1475 modo
254 1432 305 1474 res
332 1410 367 1474 in
396 1432 434 1474 ea
460 1413 653 1476 tractantur.
704 1409 751 1474 At
781 1430 863 1492 quae
892 1415 1021 1475 seruata
1052 1413 1138 1489 sunt,

123 1519 190 1561 non
222 1498 386 1581 integrum
419 1499 697 1580 compositumque
730 1518 862 1562 carmen
889 1498 1048 1582 efficiunt,
1081 1498 1138 1562 scd

126 1588 204 1649 sunt
225 1585 419 1670 fragmenta.
458 1583 545 1649 Nam
568 1585 604 1648 in
626 1584 764 1668 prologo
789 1581 855 1670 (uu.
881 1583 1004 1672 1-34)
1024 1589 1138 1651 auctor

125 1671 318 1737 fidissimum
342 1694 376 1738 se
399 1672 500 1737 fuisse
523 1671 655 1737 Amoris
679 1671 816 1735 militem
840 1677 962 1755 narrat,
985 1673 1138 1758 pulcerri-

125 1782 196 1825 mas
216 1760 342 1844 puellas
357 1760 526 1845 Cupidinis
544 1760 683 1844 imperio
699 1781 732 1824 so
752 1760 936 1845 subiecisse,
954 1762 1045 1826 nulla
1058 1784 1136 1828 uero

124 1849 241 1914 tulisse
264 1849 422 1933 praemia,
450 1849 564 1916 dedere
591 1848 694 1933 igitur
718 1870 753 1913 se
774 1847 892 1914 Iunoni
915 1853 948 1913 et
969 1848 1136 1917 Mineruae

124 1940 158 2001 et
178 1974 216 1984 -
238 1937 367 2022 Veneri,
384 1942 422 2003 ut
441 1939 522 2003 benc
542 1941 673 2002 seruent
691 1937 885 2003 fidissimum
904 1960 1044 2024 seruum,
1063 1961 1137 2005 cum

124 2027 245 2092 Amore
272 2027 399 2093 nullam
427 2028 490 2093 sibi
518 2049 589 2092 esse
617 2027 767 2112 gratiam.
812 2026 858 2091 Et
885 2027 1012 2093 adiecta
1039 2049 1137 2094 causa

123 2113 267 2180 ‘Cernite
295 2115 372 2199 quid
399 2116 461 2182 feci
483 2138 543 2199 pro
570 2114 667 2180 factis
696 2114 815 2199 quidue
837 2114 955 2200 recepi'
982 2116 1071 2182 ducit
1095 2116 1136 2181 ad

123 2202 230 2286 ipsam
261 2225 340 2268 rem.
390 2201 452 2269 Sed
479 2205 514 2269 in
541 2203 653 2270 fabula
680 2225 763 2287 quae
792 2204 937 2286 sequitur
964 2226 1066 2288 usquc
1095 2205 1136 2270 ad

123 2314 155 2356 u.
175 2290 240 2358 285
259 2291 411 2356 docemur
429 2292 560 2377 quidem
579 2292 656 2376 quid
672 2291 795 2374 fecerit,
814 2295 849 2354 at
866 2313 924 2375 pro
943 2292 1038 2356 factis
1058 2293 1136 2374 quid

122 2379 282 2463 receperit
304 2381 456 2445 celamur.
494 2378 654 2445 Secuntur
676 2400 754 2444 uero
774 2399 888 2443 uorsus
909 2380 959 2463 12,
982 2380 1135 2464 equibus

123 2489 321 2552 quamquam
344 2490 396 2533 res
416 2468 455 2532 ad
478 2469 576 2532 finem
598 2489 666 2532 non
683 2466 880 2551 perducitur,
901 2470 1011 2533 tamen
1030 2469 1137 2535 elucet

122 2577 175 2620 res
202 2561 319 2640 postea
346 2556 491 2621 euenisse
515 2557 621 2621 minus
644 2556 794 2640 comicas,
816 2555 856 2620 cf.
879 2578 908 2620 u.
932 2556 1010 2622 297:
1039 2556 1135 2634 ‘Quid

121 2645 270 2709 stamus?
316 2644 403 2709 Reus
436 2649 494 2712 est.
539 2643 638 2710 Illum
671 2644 866 2729 suspendere
893 2643 945 2710 fas
973 2647 1044 2712 est?
1089 2646 1136 2711 Hi

122 2754 235 2797 uersus
263 2733 320 2817 qui
347 2732 464 2799 desunt
490 2734 526 2799 in
547 2733 634 2820 HM,
661 2734 733 2801 ideo
762 2733 875 2800 omissi
903 2755 974 2799 asse
996 2739 1136 2821 possunt

122 2821 200 2904 quia
223 2821 339 2907 editor,
367 2844 462 2906 quem
489 2826 600 2887 tamen
624 2822 754 2888 doctum
782 2823 889 2888 uirum
916 2822 1017 2887 fuisse
1040 2844 1135 2908 nego,

123 2908 206 2974 satis
229 2910 435 2976 intellexerat
454 2910 583 2977 omissis
601 2910 653 2976 his
672 2911 821 2976 uersibus
840 2911 1016 2975 terminum
1036 2932 1135 2996 quon·

122 2998 196 3063 dam
215 2997 347 3064 fabulae
367 2999 449 3084 dari,
473 2999 592 3065 additis
611 2999 696 3065 effici
713 2999 949 3084 fragmentum,
972 3002 1030 3063 aut
1047 2999 1134 3083 quod

121 3087 189 3151 iam
212 3088 349 3153 aberant
366 3111 386 3152 a
405 3088 569 3154 codicibus
593 3110 610 3153 a
629 3087 746 3173 quibus
764 3087 797 3152 H
816 3092 850 3153 et
867 3085 901 3151 M
920 3086 1029 3152 hausti
1048 3091 1134 3153 sunt.

121 3173 184 3239 Sed
206 3175 269 3241 hoc
292 3176 399 3242 minus
422 3177 591 3261 probabile
614 3176 696 3241 mihi
719 3176 859 3256 uidetur,
887 3175 964 3259 quia
985 3175 1018 3240 H
1041 3179 1075 3240 ct
1097 3174 1133 3240 M

122 3263 284 3329 artissime
308 3286 381 3330 oum
402 3264 434 3330 V
457 3265 632 3331 cohaerent
653 3264 816 3348 imprimis
840 3263 925 3348 quod
950 3265 1069 3329 attinet
1092 3266 1134 3330 ad

120 3373 273 3418 uersuum
292 3352 447 3419 ordinem.
478 3352 593 3439 Itaque
612 3352 877 3419 duodecimillcs
889 3353 1071 3442 uersuum
1079 3371 1171 3432 uw-

118 3439 216 3504 nibus
233 3441 325 3508 libris
343 3440 447 3510 fuisse
463 3446 560 3532 puto,
584 3464 709 3530 eoaque
728 3441 776 3508 ab
789 3438 955 3504 talamum
967 3431 1068 3494 aare
1080 3439 1192 3500 ‘nm‘
