2430 3832
426 186 475 242 DE
493 187 623 243 TRIBVS
641 187 802 243 PVELLIS.
1054 192 1115 257 101

107 347 191 424 Quid
213 348 354 414 faciam?
399 349 534 434 Nequeo
558 354 705 434 spectare
728 351 849 416 diutius
872 353 963 417 illam
1133 371 1173 413 res

150 436 195 502 Et
217 441 328 502 tamen
350 438 472 522 aspicio
496 439 631 504 candida
654 440 800 504 membra
822 440 928 504 nimis.

107 526 344 611 Quantomagis
368 532 494 612 specto,
516 528 717 613 tantomagis
740 528 817 613 igne
841 528 976 613 calesco,

152 615 218 679 Res
242 615 352 679 eadem
377 616 472 679 nobis
497 619 530 679 et
552 620 647 680 nocet
670 619 766 700 atque
790 617 891 681 iuuat.

106 701 216 787 thue
240 703 321 766 mihi
346 704 426 769 satis
450 707 501 768 est
525 725 600 768 caro
625 705 763 769 candida
784 705 857 769 uisa
881 704 1008 790 diuque,
1032 740 1071 753 -

150 791 196 854 Et
219 791 335 856 merito
359 791 467 857 fuerat
490 792 676 877 aspicienda
699 793 754 857 diu
778 830 821 839 —

107 879 295 964 Ingreditur
318 881 450 945 tandem
473 881 594 946 lectum
616 885 813 964 praeparata
836 902 997 964 manuque

150 967 257 1033 Pallia
279 969 368 1053 picta
390 969 503 1034 leuans
527 965 664 1052 corpere
686 973 800 1034 nostra
822 969 915 1053 tegit.

105 1056 259 1121 Protinus
284 1057 431 1122 adductis
456 1057 497 1122 ad
520 1056 656 1122 candida
679 1058 765 1123 colla
787 1057 919 1122 lacertis

151 1144 259 1229 Incepi
284 1146 431 1210 dominae
455 1145 549 1210 basia
571 1167 691 1229 pressa.
709 1147 794 1229 dare,

107 1232 226 1298 Oscula
248 1233 338 1298 mille
362 1234 449 1319 dedi,
470 1233 606 1299 totidem
630 1235 711 1298 mihi
733 1234 873 1299 reddidit
894 1233 962 1318 illa,

52 1338 54 1342 “
152 1321 235 1386 Sunt
259 1322 335 1387 data
357 1323 448 1387 mille
472 1322 550 1403 sibi,
572 1322 699 1387 reddita
722 1323 812 1387 mille
836 1321 926 1388 mihi.

106 1408 169 1473 Illa
193 1432 286 1474 suum
309 1417 421 1475 nostro
444 1412 540 1475 lateri
562 1411 649 1474 latus
675 1411 865 1476 associauit:

152 1496 339 1562 Gaudebam
362 1498 459 1562 lateri
482 1498 682 1562 conseruisse
704 1499 801 1563 latus.

108 1583 231 1650 Ventre
256 1607 314 1650 suo
338 1589 485 1650 uentrem
508 1589 656 1650 nostrum
679 1589 756 1651 tunc
778 1586 851 1669 ipsa
874 1585 1043 1670 premebat

153 1672 399 1758 Quaerebatque
422 1673 527 1739 modis
552 1674 639 1738 mille
662 1675 790 1758 placere
813 1674 902 1738 mihi.

109 1760 169 1825 ‘Tu
193 1760 274 1825 mihi
297 1762 383 1826 uelle
406 1766 497 1827 tuum
523 1762 650 1844 comple
673 1759 840 1827 uelociter’
864 1761 970 1846 inquit

153 1849 250 1915 ‘Nam
273 1872 338 1915 nox
362 1854 434 1914 atra
456 1850 543 1935 fugit
566 1854 599 1914 et
621 1850 705 1915 redit
727 1850 800 1935 ipsa
824 1848 912 1916 dies’
939 1886 977 1896 -

108 1938 187 2002 Inde
210 1942 306 2024 rogat
329 1938 485 2022 dextram,
508 1938 655 2003 dextram
677 1938 880 2024 porreximus
903 1939 961 2002 illi.

153 2025 215 2092 sed
239 2026 320 2091 mihi
344 2027 423 2091 dans
443 2049 603 2091 mammas
623 2026 719 2104 ‘Quid
738 2027 833 2092 modo
853 2025 995 2092 sentis?
1020 2024 1076 2090 ait.

108 2116 195 2193 Quas
220 2136 280 2201 ego
306 2116 382 2179 dum
405 2116 509 2197 tenui,
533 2115 642 2180 dicens
666 2137 728 2202 ego
751 2116 864 2181 taliter
886 2115 950 2180 illi:

155 2201 292 2270 ‘Sentio’
315 2205 468 2289 respondi
493 2203 641 2269 ‘munera
663 2209 759 2291 grata
782 2204 873 2271 mihi.

107 2291 243 2357 Munera
265 2292 333 2356 iam
355 2296 463 2374 teneo,
487 2314 569 2375 quae
592 2314 688 2376 saepe
711 2296 821 2357 tenere
846 2291 963 2374 cupiui,

156 2380 201 2445 Et
222 2381 321 2445 nimis
345 2380 459 2463 optaui
482 2400 626 2463 munera,
650 2401 732 2462 quae
756 2377 872 2444 teneo'.

108 2468 190 2533 Inde
213 2490 329 2532 manus
353 2467 522 2531 retrahens
545 2466 721 2551 palpabam
745 2488 839 2532 crura
862 2466 994 2531 tenella.

152 2555 215 2621 Illa
237 2556 327 2620 fuere
352 2556 432 2620 mihi
456 2555 563 2620 dulcia
587 2555 683 2620 melle
706 2555 823 2641 magis.

108 2643 186 2709 Mox
210 2644 288 2709 dixi:
312 2643 398 2709 ‘Non
423 2648 473 2709 est
496 2642 599 2708 ullum
621 2645 797 2729 pretiosius
822 2665 946 2728 eurum,

154 2731 229 2798 Non
253 2733 360 2797 estin
384 2732 504 2798 mundo
528 2754 580 2797 res
604 2732 686 2798 mihi
710 2732 917 2798 commodior.

179 2911 236 2961 266
254 2906 304 2978 Et]
327 2908 386 2962 Nec
405 2907 471 2961 libri
503 2937 537 2945 -
569 2904 689 2978 aspicio]
713 2905 838 2977 aspicere
861 2907 927 2962 libri
960 2937 994 2947 -
1025 2906 1123 3028 11111ἰῖ]

108 2977 183 3031 niuis
201 2976 228 3030 H
251 3008 285 3017 -
308 2983 368 3034 268
387 2980 416 3032 et
433 2977 529 3048 nocet]
548 2978 631 3032 nocet
649 2980 679 3032 et
697 2979 762 3034 libri
784 3008 819 3018 -
842 2982 900 3034 269
918 2976 1024 3047 thue]
1044 2977 1083 3031 Ut

109 3079 143 3089 -
162 3046 231 3101 mihi
252 3046 321 3102 satis
340 3049 394 3118 est]
415 3048 484 3102 satis
504 3050 546 3103 est
563 3047 633 3102 mihi
648 3047 704 3100 ΗΡ
727 3048 796 3103 satis
815 3050 859 3102 est
872 3047 903 3102 Μ
921 3078 955 3088 -
975 3063 1039 3102 caro
1058 3064 1122 3102 can·

108 3118 189 3190 dida]
214 3120 242 3173 et
268 3118 388 3174 candida
413 3118 520 3173 caroP
552 3151 586 3160 -
619 3118 692 3191 uisa]
715 3120 822 3175 inserui
843 3135 877 3174 es
899 3120 1057 3174 coniectura
1089 3148 1122 3158 -

107 3195 164 3248 270
173 3191 266 3244 fuerat
275 3189 310 3242 P:
321 3189 406 3244 fuerit
415 3188 477 3242 ΗΜ
487 3221 521 3229 -
532 3189 706 3261 aspicienda]
721 3189 884 3260 aspiciendo
895 3190 924 3243 M
933 3221 967 3230 -
977 3193 1031 3245 271
1041 3205 1123 3258 prae-

108 3264 209 3331 parata
250 3260 408 3330 reparanda
423 3262 489 3316 libri
503 3291 536 3300 -
550 3265 607 3316 273
616 3261 742 3331 lacertis]
753 3261 832 3330 genis
843 3262 909 3316 libri
918 3292 952 3300 -
962 3265 1020 3318 275
1030 3258 1120 3330 mille]

108 3332 188 3387 nulla
263 3362 297 3372 -
325 3330 618 3454 reddiditpiredditP
646 3362 680 3370 -
708 3336 767 3387 276
786 3331 840 3387 sibi
877 3331 948 3385 mihi
967 3329 1060 3386 sibiP
1088 3360 1122 3371 -

110 3409 167 3459 289
182 3402 250 3458 Inde
260 3402 299 3458 H:
315 3402 433 3468 Quando
482 3401 505 3454 P
518 3434 553 3443 —
567 3406 625 3458 296
638 3402 727 3471 fuere]
743 3417 808 3457 vere
849 3401 871 3454 P
884 3419 951 3458 vero
960 3400 990 3455 M
1003 3432 1037 3444 -
1052 3400 1139 3473 m'dp‘x⁵

109 3472 205 3527 dulcia
222 3473 318 3545 melle]
342 3472 437 3528 dulcia
455 3471 528 3528 mihi
548 3472 685 3546 puetis?
709 3504 743 3513 —
764 3476 825 3529 292
841 3488 895 3525 res
913 3469 1056 3521 sdxn'ffix
1072 3465 1157 3512 xm

104 3561 151 3597 re!
168 3543 227 3596 MP
243 3575 277 3584 -
298 3545 491 3620 commodior]
511 3544 692 3604 commodior
710 3543 778 3601 utta
790 3543 881 3598 idest.
