2430 3832
132 162 175 226 64
499 156 775 214 raoneeonnmi

131 326 165 388 in
193 345 255 388 usu
283 325 361 387 erat.
412 321 583 387 Praeterea
610 321 678 386 11111
706 320 797 386 111111
826 321 918 385 nulla
945 321 994 406 fit,
1027 321 1080 387 hic
1111 323 1147 386 in

132 415 256 497 septem
284 411 432 476 uersibus
460 407 504 497 (3.
533 412 563 474 4.
592 409 622 475 5.
647 411 675 476 7.
704 411 756 475 36.
780 410 832 474 61.
856 406 914 496 62)
942 409 1069 493 nouies,
1096 410 1145 476 ita

132 506 169 566 ut
193 502 231 566 de
251 501 443 584 corruptelis
463 497 601 584 cogitari
619 501 770 582 nequeat.
805 495 957 562 Ueterum
976 499 1145 585 utriusque

131 589 285 654 carminis
309 610 421 653 uersus
445 588 615 673 pauciores
641 592 717 652 sunt
735 608 833 670 quam
851 591 888 651 ut
907 587 1036 652 aliunde
1055 589 1146 654 uelut

133 700 173 742 ex
196 679 354 742 rimorum
377 676 429 740 uel
454 676 698 741 assonationum
720 675 847 740 ratione
872 679 1064 760 argumenta
1089 677 1144 741 du-

132 789 202 832 cere
231 766 376 831 audeam.
420 762 507 828 Nam
535 765 622 849 quod
649 765 703 829 hic
731 764 779 848 (in
802 787 832 828 u.
854 764 908 848 10)
934 763 1054 848 ‘praei’
1082 787 1145 848 pro

133 855 242 920 iambo
272 854 459 939 adhibetur,
490 852 559 918 illic
586 853 663 918 talis
691 875 843 918 mensura
874 874 939 917 non
969 852 1144 940 inuenitur,

132 966 209 1009 casu
232 946 341 1026 potest
365 963 435 1007 esse
458 941 590 1008 factum.
627 943 672 1006 At
692 941 796 1007 abicio
816 945 926 1006 tamen
946 941 1035 1007 docti
1053 941 1144 1007 illius

131 1032 195 1095 uiri
219 1032 444 1097 coniecturam.

221 1118 284 1184 Sed
299 1123 406 1184 exstat
421 1118 604 1202 exemplum
618 1118 751 1183 tertium
766 1118 800 1182 in
815 1119 882 1182 cod.
897 1117 1145 1184 Vindobonensi

132 1209 196 1273 312
221 1208 342 1272 sacculi
365 1206 445 1271 XIV
473 1207 627 1290 ineuntis,
656 1206 742 1290 quod
770 1206 933 1271 artissime
961 1205 1145 1274 1111111111-

131 1296 213 1359 fredi
236 1296 384 1359 uersibus
413 1295 672 1380 coniungendum
701 1317 771 1360 esse
798 1317 893 1360 nemo
921 1316 988 1360 non
1011 1295 1145 1361 uidebit.

131 1384 222 1449 Adeo
248 1383 333 1448 enim
357 1385 443 1447 inter
471 1407 506 1448 se
528 1384 750 1466 consentiunt,
778 1388 814 1448 ut
839 1383 1039 1468 acquiescere
1064 1384 1147 1449 mihi

131 1473 228 1537 111111
257 1473 290 1536 11
319 1472 511 1536 adnotandis
541 1472 777 1558 discrepantiis.
822 1470 898 1538 Non
922 1472 984 1537 hoc
1011 1494 1144 1537 carmen

131 1562 172 1626 ab
198 1582 359 1646 anonymo
379 1561 437 1626 illo
461 1562 496 1625 in
515 1562 692 1646 elegiacum
711 1566 852 1626 metrum
870 1560 1143 1626 transformatum

132 1672 202 1716 csse
226 1650 468 1715 demonstratur
492 1651 647 1734 anonymi
670 1672 767 1715 uersu
794 1650 833 1714 15
853 1673 872 1714 a
890 1648 1053 1714 Ganfredo
1073 1673 1145 1715 mu-

131 1743 238 1824 tuato,
268 1740 322 1823 qui
350 1738 403 1803 hic
432 1739 530 1803 deest.
580 1738 705 1804 Rursus
733 1738 835 1824 igitur
862 1738 1009 1823 quaestio
1039 1739 1144 1804 oritur

132 1832 242 1892 utrum
266 1827 447 1892 Ganfredus
475 1849 513 1891 11
541 1827 592 1893 his
616 1827 764 1893 uersibus
788 1848 863 1891 suos
888 1827 1075 1909 sumpserit,
1103 1849 1145 1892 an

130 1914 166 1979 hi
180 1917 292 1980 hausti
306 1916 373 1979 sint
387 1937 425 1979 ex
439 1915 581 2001 <poetria
593 1915 699 1981 noua’.
728 1916 835 2000 Atque
849 1916 997 2000 equidem
1010 1937 1144 1999 prorsus

132 2023 324 2087 persuasum
347 2003 453 2069 habeo
476 2004 575 2068 etiam
598 2004 672 2067 huic
691 2004 834 2085 poemati
852 2025 911 2088 pro
930 2003 1143 2069 fundamento

132 2112 202 2154 esse
227 2089 383 2154 Ganfredi
407 2093 597 2174 opusculum
621 2113 659 2155 11
682 2091 732 2155 his
757 2092 969 2176 argumentis:

200 2177 265 2243 Res
288 2179 361 2264 ipsa
383 2180 481 2264 paulo
510 2179 606 2244 111111
629 2183 790 2246 narratur.
834 2178 898 2245 Hic
921 2181 1005 2244 enim
1029 2181 1057 2243 is
1087 2180 1144 2265 qui

131 2266 279 2332 fabulam
308 2267 408 2334 refert
438 2290 501 2333 non
531 2267 601 2352 ipse
629 2267 782 2332 iniuriam
808 2268 935 2332 illatam
965 2266 1144 2350 ulciscitur,

133 2356 189 2421 sed
214 2358 329 2424 socius.
367 2356 471 2433 Quam
496 2356 711 2422 mutationem
730 2378 795 2421 non
814 2357 1091 2441 reprehenderem,
1116 2357 1146 2419 si

134 2445 329 2512 benefacta
352 2450 445 2511 11111.
484 2444 547 2510 Sed
570 2446 682 2512 uideas
701 2444 977 2528 compositionem.
1015 2444 1145 2509 Primus

132 2533 238 2599 socius
266 2538 440 2618 postquam
464 2557 483 2599 a
506 2534 608 2619 figulo
636 2535 666 2599 11
690 2533 899 2598 maledictum
927 2537 990 2617 est,
1017 2532 1145 2598 inuenit

133 2621 256 2685 socium
276 2622 369 2705 eique
388 2643 457 2686 rem
475 2627 597 2688 narrat.
631 2620 691 2686 Oui
709 2623 894 2705 respondetz
914 2620 1084 2686 ‘Reuertar
1103 2621 1145 2685 ad

132 2708 247 2774 illum'.
289 2709 376 2775 Num
396 2731 473 2775 uero
492 2714 622 2795 poterat
641 2711 761 2776 reuerti
779 2711 819 2774 ad
838 2709 954 2793 forum,
974 2710 1029 2793 qui
1047 2714 1145 2774 antea

132 2796 179 2860 ibi
202 2819 269 2862 non
292 2796 420 2862 fuerat?
457 2796 562 2864 Nobis
583 2799 710 2882 quidem
731 2797 835 2863 dicere
854 2799 963 2865 liceat:
989 2797 1057 2862 ‘Ich
1075 2797 1145 2863 will

132 2908 172 2950 zu
199 2884 268 2950 ihm
295 2886 545 2970 zuriickgehen',
573 2887 613 2951 ad
641 2909 713 2951 eum
746 2888 832 2970 apud
860 2909 955 2972 quem
984 2891 1020 2951 tu
1042 2886 1145 2952 fuisti.

134 2971 195 3038 Sed
224 2974 303 3039 item
328 2973 474 3040 adhiberi
497 2974 627 3040 licuisse
651 2974 827 3042 ‘reuertar'
856 2981 889 3040 11
916 2997 991 3041 mox
1015 2973 1143 3040 ‘rediit'

131 3082 225 3146 nego,
278 3063 326 3127 Ac
353 3085 392 3127 ne
421 3063 532 3127 credas
561 3064 750 3128 mutandum
781 3087 851 3130 esse
879 3065 914 3128 in
942 3063 1072 3147 ‘Inquio
1101 3100 1143 3109 -

131 3150 278 3214 redii-
304 3150 467 3232 cucurrit’,
497 3154 607 3216 monet
635 3174 748 3217 uersus
775 3154 830 3219 19a
856 3154 912 3237 qui
936 3151 1054 3217 mutari
1077 3174 1145 3216 non

133 3243 250 3321 potest.
278 3276 315 3286 -
340 3239 514 3304 Praeterea
531 3239 567 3304 in
585 3262 681 3306 uersu
700 3240 816 3307 ultimo
835 3242 914 3306 illud
934 3239 1144 3324 ‘Insequitur'

131 3348 198 3393 non
227 3328 307 3392 satis
335 3329 457 3393 clarum
487 3332 545 3393 est.
591 3327 781 3394 Certissime
808 3330 937 3415 quidem
964 3329 1081 3393 dicitur
1106 3328 1144 3392 de

130 3415 248 3499 figulo,
276 3416 332 3482 sed
360 3416 506 3482 uersibus
534 3416 591 3501 qui
617 3417 814 3500 praecedunt
842 3418 952 3501 agitur
982 3417 1020 3481 de
1047 3417 1144 3481 socio.

109 3499 268 3585 Denique
301 3503 411 3571 fecere
442 3529 511 3574 non
546 3528 684 3594 possum
716 3506 795 3593 quin
821 3505 964 3570 offendar
992 3526 1144 3570 mensura
