2430 3832
92 173 155 239 102
400 172 448 226 DE
468 171 601 228 TRIBVS
619 171 784 229 PVELLIS.

89 337 198 401 Dilexi
221 357 297 400 uero
320 333 416 399 nobis
442 333 519 399 data
543 356 636 399 crura
659 336 835 414 columbae,

136 424 198 490 sed
222 445 303 508 quae
326 444 410 488 nunc
433 426 529 488 teneo
553 423 652 508 diligo
676 446 772 488 crure
795 423 909 507 magis.

37 527 76 568 ²95
90 514 179 597 Ergo
202 513 375 595 iungemus
400 511 462 576 duo
486 533 635 596 corpora,
658 512 769 577 iuncta
791 534 990 596 premamus,

135 601 180 665 Et
200 603 360 686 peragant
382 602 492 684 partes
516 621 652 683 corpora
674 605 789 665 nostra
812 601 967 665 suas!—

91 690 176 767 Quid
185 689 326 755 faciam?
341 687 493 752 Referam
501 710 583 772 quae
593 687 752 754 fecimus?
765 725 802 735 —
812 688 859 756 At
868 689 973 773 pudor
982 689 1109 776 obstat,

134 778 276 863 Ipseque
298 798 338 840 ne
361 775 500 841 referam
522 780 637 842 nostra
659 778 769 860 puelle
791 781 891 842 uetat.
914 813 958 823 —-

89 866 181 933 Finis
204 866 359 931 restabat.
406 863 470 930 Sed
493 869 602 930 utrum
625 867 708 931 bene
732 869 873 931 cesserat
898 888 940 930 an
961 866 1052 931 non?

36 967 76 1008 ³0⁰
134 955 252 1020 Omnia
274 955 367 1019 nouit
390 952 506 1038 Amor,
528 953 623 1019 nouit
646 958 679 1019 et
701 954 774 1038 ipse
800 953 917 1019 Venus.

160 1169 218 1221 293
236 1162 316 1232 uero]
336 1177 397 1216 sero
412 1163 478 1218 tetri
496 1192 531 1204 -
549 1168 607 1219 297
620 1162 757 1218 fecimus?
778 1195 811 1204 —
830 1165 880 1234 At]
900 1164 924 1218 si
942 1163 1060 1218 fecimus
1076 1167 1107 1220 M

88 1234 206 1290 fecimus
225 1233 266 1289 sic
284 1234 310 1288 H
332 1233 387 1288 feci
405 1233 445 1287 sic
464 1233 487 1287 P
511 1263 544 1274 —
569 1237 625 1289 299
645 1234 781 1305 cesserat]
807 1239 947 1290 cesseerat
965 1234 994 1287 M
1012 1267 1047 1277 —
1067 1253 1107 1290 an

89 1305 157 1376 non]
177 1304 213 1359 cd
231 1321 282 1358 nos
301 1305 367 1358 libre·
385 1334 417 1342 —
439 1303 533 1372 Ouidij
547 1302 667 1358 Nasonis
683 1303 874 1360 sulmonensis
888 1308 971 1376 poete
988 1308 992 1376 Ι
1008 1305 1107 1361 Trium

89 1376 247 1446 puellarum
260 1373 333 1429 liber
346 1373 469 1444 Explicit
478 1374 504 1428 H
522 1373 545 1427 Ε
586 1373 648 1429 licit
660 1375 731 1431 liber
743 1375 836 1447 Ouidij
848 1376 884 1432 de
895 1376 985 1433 tribus
999 1378 1106 1447 puellis

88 1447 117 1500 M
132 1445 255 1515 Explicit
274 1443 392 1500 Ouidius
409 1443 497 1500 trium
515 1463 570 1514 pue
584 1445 675 1501 lerum
694 1447 725 1501 P.
