2430 3832
160 922 264 988 Huius
293 922 422 987 fabulae
445 921 509 986 tria
531 922 651 987 traditu
675 927 751 986 sunt
775 923 923 1005 exempla
947 944 963 985 e
989 922 1105 1005 quibus

93 1035 193 1077 unum
225 1010 372 1076 uersibus
404 1011 569 1095 elegiaciS,
601 1012 663 1076 duo
696 1011 891 1075 hexametris
924 1010 1106 1095 perscripta

94 1105 179 1168 sunt.
220 1101 304 1165 Illud
327 1100 448 1183 legitur
472 1100 505 1163 in
529 1099 637 1165 codice
660 1096 822 1165 Vadicano
847 1097 1032 1164 Christinae
1056 1121 1103 1162 re-

93 1188 189 1272 ginae
213 1189 279 1254 344
302 1185 357 1252 fol.
378 1189 430 1266 37,
458 1210 496 1252 ex
524 1188 575 1252 his
600 1187 739 1252 alterum
764 1192 870 1253 exstas
893 1189 927 1253 in
950 1186 1106 1252 Ganfredi

13 1273 16 1278 ’
94 1275 133 1342 de
161 1277 247 1343 Vino
275 1275 373 1342 Saluo
403 1275 545 1360 ‘poetria
573 1275 674 1342 ncua'
701 1276 775 1342 inde
804 1301 823 1342 a
852 1300 946 1342 uersu
976 1273 1105 1361 1884¹)‚

95 1371 233 1432 alterum
256 1365 292 1430 in
314 1365 423 1431 codice
443 1365 687 1431 Vindobonensi
706 1367 770 1431 312
794 1366 849 1430 fol.
870 1367 926 1431 82⁸
936 1388 982 1448 sq.
1016 1363 1105 1429 Hace

94 1455 236 1521 carmina
254 1476 451 1540 quamquam
467 1454 549 1518 sabis
568 1455 650 1518 bene
666 1454 753 1518 edita
768 1459 844 1518 sunt
859 1491 901 1500 -
917 1457 979 1518 duc
996 1454 1106 1538 priora

93 1567 112 1608 a
136 1542 389 1609 Bartholomaeo
413 1541 566 1606 Haurcau
594 1543 628 1605 in
652 1539 803 1606 ‘Noticcs
824 1546 860 1606 et
888 1541 1024 1607 excraits
1049 1542 1104 1605 des

92 1631 287 1697 manuscrits
320 1631 358 1694 dc
386 1631 419 1694 la
445 1627 668 1714 bibliotheque
695 1629 875 1694 nationale'
910 1630 974 1695 uol.
997 1626 1106 1693 XXIX

91 1725 175 1806 part.
195 1722 215 1785 2
239 1742 268 1803 p.
289 1719 420 1802 321sq„
443 1721 575 1783 tertium
600 1742 618 1783 a
642 1718 812 1802 Rudclpho
832 1718 947 1801 Peiper
970 1719 1005 1781 in
1030 1716 1105 1781 ‘An-

93 1808 202 1892 zeigcr
216 1806 269 1870 fur
281 1806 395 1870 Xundc
411 1803 467 1870 der
481 1808 656 1872 deutschen
666 1806 807 1872 Vorzcit’
823 1808 886 1872 ucl.
897 1804 975 1871 XIX
987 1803 1104 1891 (1872)

92 1897 154 1963 col.
174 1897 275 1980 51sq,
298 1930 355 1978 -,
384 1899 494 1960 tamen
521 1897 583 1961 hoc
611 1897 682 1962 loco
713 1900 859 1980 repebere
890 1895 970 1960 mihi
1000 1894 1106 1979 liceat,

94 1983 355 2070 quandoquidem
383 1982 459 2050 illos
482 1985 585 2050 libros
608 1987 779 2070 perpaucis
803 1986 838 2050 in
861 1986 1011 2051 manibus
1036 2007 1105 2050 esse

91 2077 180 2159 pudo.

159 2161 385 2239 Quaerendum
410 2165 518 2226 audem
542 2165 592 2226 est
616 2185 697 2246 quac
717 2164 802 2227 ratio
822 2161 1001 2227 intercedat
1019 2162 1105 2225 inter

91 2250 172 2315 haec
190 2250 255 2315 tria
275 2249 418 2315 eiusdem
437 2250 566 2315 fabulae
586 2248 742 2333 exempla,
762 2272 798 2314 ac
813 2247 955 2333 primum
975 2249 1104 2333 quidem

92 2339 290 2422 comparabo
309 2337 509 2404 comoediam
528 2336 707 2424 elegiacam
726 2360 799 2402 cum
819 2359 857 2401 ea
880 2359 961 2421 quae
984 2336 1104 2421 legitur

92 2428 128 2493 in
155 2426 312 2492 Ganfredi
339 2427 463 2492 libello.
508 2423 558 2490 De
585 2426 643 2490 illa
672 2448 870 2510 anonymum
899 2429 1029 2508 poetam
1056 2423 1102 2488 in-

88 2537 227 2601 crepans
239 2515 391 2581 Haurdau
406 2510 484 2580 dicia
498 2516 592 2580 haec:
604 2511 700 2592 '‘Quel
716 2518 765 2578 cst
782 2535 816 2578 ce
827 2514 978 2579 me'chant
988 2514 1104 2598 poete?

91 2598 189 2669 Voila
212 2625 248 2669 ce
271 2627 333 2690 que
355 2627 438 2668 nous
461 2603 625 2688 ignorons,
673 2602 741 2668 Son
763 2625 839 2668 nom
864 2608 896 2668 et
920 2626 979 2669 scn
998 2607 1105 2687 temps

92 2714 175 2758 nous
192 2695 286 2758 etant
308 2715 447 2778 cunnus,
469 2715 552 2758 nous
572 2693 720 2757 sauricns
742 2687 792 2756 s’il
812 2716 831 2757 a
850 2692 941 2778 copie'
961 2691 1105 2758 Gcoffrci

91 2781 130 2847 de
154 2777 298 2847 Viusauf
323 2805 364 2846 ou
392 2780 420 2846 si
449 2779 591 2846 Gecffrci
621 2781 658 2846 de
684 2780 826 2846 Vinsauf
849 2779 893 2847 l’a
921 2780 1031 2865 copie‘?
1065 2817 1103 2828 -

92 2866 217 2956 Tetigit
248 2871 351 2956 igitur
384 2869 608 2954 quaestionem
640 2873 749 2934 utrum
784 2891 913 2934 carmen
944 2870 1105 2933 uetustius

93 2958 146 3043 sit,
165 2959 274 3024 sedin
293 2958 398 3023 medio
418 2957 560 3042 reliquit,
584 2958 678 3043 quasi
696 2980 778 3043 quae
798 2958 882 3023 solui
900 2979 967 3021 nou
985 2959 1105 3040 posset.

92 3042 167 3131 Ego
195 3069 272 3112 uero
301 3046 449 3132 quamuis
478 3046 575 3112 huius
607 3050 722 3132 poetae
755 3049 896 3110 aetatem
924 3065 1105 3128 nomenque

92 3158 236 3220 unquam
265 3135 469 3200 enucleatum
495 3135 536 3199 iri
563 3157 629 3200 ncn
657 3156 799 3219 sperem,
825 3138 937 3197 tamen
965 3155 1003 3199 ex
1026 3132 1106 3216 ipsis

166 3330 191 3398 1)
214 3326 329 3397 Leyner,
357 3326 424 3381 hist.
449 3327 524 3395 poet.
548 3329 577 3382 et
599 3342 690 3398 poem.
709 3324 783 3380 med.
808 3324 871 3379 aeui
894 3342 921 3394 p.
937 3329 989 3378 967
1004 3339 1044 3389 sq.
1072 3351 1106 3364 -

91 3392 225 3482 Eipsdem
257 3395 379 3479 auctoris
395 3398 479 3482 ‚liber
513 3414 569 3482 uuo
603 3395 745 3455 desuem
769 3395 946 3466 spusemum
965 3391 1135 3453 semm-

91 3468 180 3524 edum
195 3472 311 3538 praesto
330 3468 404 3526 num
423 3488 483 3529 nou
500 3469 568 3530 dms.
1198 3490 1201 3495 ·
