2430 3832
491 929 624 1010 caput
650 930 683 997 Ι.

303 1082 359 1146 De
382 1079 648 1146 fundamentis
671 1081 868 1147 editionis.
979 1065 992 1093 ⁰

145 1238 198 1305 Ad
221 1244 347 1306 textum
371 1240 632 1306 constituendum
654 1241 705 1306 his
728 1263 806 1306 usus
831 1264 902 1306 sum
925 1242 1033 1306 libris:

147 1326 176 1394 Η
197 1329 280 1394 liber
298 1329 476 1412 impressus
496 1351 576 1395 saec.
591 1328 663 1414 XV,
683 1331 738 1414 qui
759 1334 908 1396 seruatur
923 1330 958 1395 in
971 1330 1091 1396 biblio-

80 1415 175 1483 theca
201 1419 328 1482 urbana
355 1417 596 1504 Hamburgensi
629 1419 688 1484 sub
720 1420 813 1504 signo
844 1418 999 1484 ‘Realcat
1030 1417 1093 1484 AO.

80 1506 144 1571 vol.
162 1505 212 1570 III
235 1505 373 1590 p.140’‚
400 1529 495 1591 quem
524 1507 662 1592 benigne
684 1507 748 1572 huc
771 1509 1000 1572 transmissum
1023 1507 1093 1591 ipse

83 1595 216 1660 contuli.
252 1593 454 1680 Tegumento
476 1595 551 1660 libri
570 1617 588 1660 e
607 1595 694 1660 corio
714 1595 801 1660 facto
821 1596 997 1677 impressae
1017 1599 1094 1659 sunt

81 1683 118 1746 in
140 1688 232 1765 parte
250 1684 358 1765 priore
380 1684 397 1748 1
416 1681 447 1749 Α
469 1680 498 1748 Η
520 1680 548 1748 Ζ
570 1679 603 1748 Μ
627 1683 756 1747 litterae
775 1687 809 1747 et
827 1680 964 1749 ‘ANNO
986 1681 1093 1767 1597',

81 1771 137 1854 qui
156 1792 308 1836 numerus
328 1772 481 1837 uidelicet
500 1773 541 1836 ad
559 1770 882 1856 conglutinationem,
900 1793 967 1836 non
981 1771 1022 1835 ad
1035 1772 1093 1835 im·

81 1859 282 1944 pressionem
300 1861 377 1925 libri
396 1864 530 1945 spectat.
565 1859 687 1925 Forma
706 1860 866 1944 quadrata
885 1863 944 1944 est,
961 1860 1093 1925 litterae

19 1949 22 1956 ’
83 1947 248 2014 adhibitae
277 1953 354 2014 sunt
381 1971 463 2034 quae
491 1954 649 2014 uocantur
680 1950 822 2036 gotioae‚
853 1949 995 2014 initiales
1028 1971 1095 2014 car·

83 2037 207 2102 minum
230 2037 362 2102 litterae
386 2042 442 2102 aut
465 2038 605 2103 omissae
629 2042 686 2102 aut
707 2043 891 2103 atramento
911 2038 1095 2123 adscriptae

84 2129 173 2207 sunt,
206 2124 328 2190 chartis
356 2126 515 2208 impressa
544 2129 620 2190 sunt
651 2126 744 2211 signa
772 2127 883 2212 qualia
910 2127 976 2190 fere
1004 2127 1094 2192 uides

82 2212 118 2276 in
145 2212 289 2278 ‘Midoux
318 2217 351 2279 ct
373 2212 516 2296 Matton,
546 2194 654 2280 Etude
687 2237 742 2280 sur
770 2217 818 2279 les
846 2215 1011 2297 filigrancs
1041 2215 1095 2279 des

83 2302 214 2387 papiers
239 2303 406 2386 employes
430 2325 470 2367 en
488 2302 611 2368 France
631 2325 694 2367 aux
713 2302 805 2368 XIV⁰
824 2306 857 2366 et
875 2301 950 2365 XV⁰
969 2302 1096 2367 siecles’

86 2391 146 2455 sub
165 2392 309 2456 numeris
331 2392 404 2458 181.
423 2393 498 2457 376.
515 2391 582 2457 415
602 2389 686 2478 (sine
704 2395 797 2475 parte
816 2387 952 2476 infima).
989 2388 1096 2455 Locus

85 2482 118 2542 et
145 2501 248 2544 annus
273 2484 306 2544 et
328 2479 529 2564 typographi
556 2501 676 2544 nomen
704 2479 888 2564 significata
917 2500 984 2544 non
1012 2484 1096 2546 sunt.

84 2564 180 2632 Folia
199 2573 277 2633 sunt
295 2568 432 2652 triginta
452 2568 514 2634 duo
532 2590 686 2634 uersuum
708 2567 775 2632 fere
795 2567 955 2633 tricenum
975 2591 1098 2655 senum,

86 2654 122 2718 in
144 2656 261 2740 quibus
284 2657 415 2740 titulus,
437 2656 679 2742 inscriptiones,
709 2657 963 2741 subscriptiones
985 2659 1098 2746 legun·

83 2745 138 2808 tur
160 2745 235 2808 hae:

152 2832 192 2896 F.
206 2838 241 2896 1⁴
254 2835 312 2898 tit:
335 2833 443 2919 Ouidij
462 2831 629 2921 Naso-{nis
648 2831 860 2920 Sulmolnesis
878 2838 973 2917 poete
992 2832 1095 2921 liberl

85 2918 136 2984 De
159 2921 264 2986 tribus
286 2922 403 3005 puellis
424 2927 429 3001 Ι
450 2922 584 2987 Ouidius
608 2923 646 2986 de
666 2923 776 3008 sagaci
798 2922 916 2987 nuncio
938 2921 1099 3006 {Ouidius

88 3008 127 3072 de
150 3010 255 3094 pulice
276 3010 492 3094 {Pamphilus
512 3011 551 3074 de
571 3032 680 3075 amore
701 3011 706 3095 1
727 3010 861 3075 Ouidius
882 3010 920 3074 de
939 3032 1072 3076 nummo
1093 3008 1097 3097 l

89 3094 223 3164 Ouidius
244 3098 282 3162 de
297 3096 417 3164 (luculo
438 3102 444 3178 Ι
464 3099 598 3164 Ouidius
619 3098 657 3162 de
675 3102 787 3164 ventre
808 3104 813 3178 l
833 3099 920 3182 Epla
939 3099 1100 3164 amatoria

90 3187 224 3252 metrice
250 3187 398 3271 ascripta.
422 3223 464 3234 —
488 3188 528 3252 F.
550 3189 596 3253 1⁶:
622 3186 742 3270 Incipit
765 3188 904 3271 epistola
925 3191 1101 3270 perornata

89 3274 255 3340 cuiusdam
279 3276 419 3340 amantis
443 3276 484 3340 ad
518 3276 524 3361 Ι
558 3276 722 3361 quandam
744 3275 898 3361 puellam.
923 3311 962 3322 -
987 3276 1027 3341 F.
1050 3281 1100 3343 2⁶:

89 3360 196 3448 Ouidij
220 3363 353 3429 nasonis
378 3363 605 3432 sulmonensis
626 3369 727 3452 poete
749 3367 765 3443 l
784 3362 911 3427 'trium
924 3364 1131 3453 sumnum

87 3449 171 3515 liber
190 3451 315 3539 incipit.
339 3492 382 3504 -
407 3453 450 3525 F.
469 3461 505 3526 6οι
527 3457 552 3526 l.
573 3457 723 3526 12-15:
751 3447 1060 3530 strumam
1070 3435 1160 3492 Qu-
