2430 3832
461 227 463 231 .
502 181 620 237 CAPVT
638 182 673 240 Π.
743 234 745 237 ,
1052 181 1094 245 25

81 346 290 411 habilitatem
314 368 405 411 suam
429 345 640 410 dialecticam.
676 343 766 409 Num
790 344 892 430 igitur
910 345 1095 410 coniectura

81 457 160 500 uera
183 435 227 498 sit
249 440 364 518 postea
386 435 594 518 inquiremus.

149 522 209 588 Sin
235 545 313 588 uero
340 523 408 587 iam
436 523 614 606 antiquitus
643 522 799 606 prologus
826 522 881 585 ille
904 521 1094 587 coniunctus

80 611 146 677 fuit
169 634 241 677 cum
264 611 413 676 uersibus
435 610 492 696 qui
513 610 687 675 traduntur
710 614 743 674 et
765 632 819 673 uu.
841 609 1017 675 aso-297
1043 631 1095 696 ge·

82 700 174 764 nuini
198 704 287 784 sunt,
309 721 375 765 non
394 699 594 764 comoediam
617 697 776 763 habemus
796 697 851 762 sed
874 697 1095 784 fragmentum

80 788 277 874 tragoediae.
323 785 479 852 (lonferas
504 788 589 852 onim
613 784 814 873 Diomedis1)
836 786 937 850 uerba
959 787 995 850 in
1013 787 1096 851 ‘arte

82 875 324 961 grammatica':
357 874 537 941 ‘comoedia
567 898 586 940 a
613 875 782 960 tragoedia
810 874 918 940 differt
946 876 1032 959 quod
1061 875 1096 941 in

81 964 278 1050 tragoedia.
298 1014 305 1029 .
324 1013 332 1030 .
349 963 538 1048 frequenter
560 967 593 1028 et
615 985 718 1047 paene
738 984 865 1046 semper
884 963 979 1028 laetis
999 965 1096 1029 rebus

83 1054 187 1119 exitus
210 1053 323 1118 tristes
347 1057 380 1117 et
402 1053 582 1117 liberorum
604 1051 874 1136 fortunarumque
892 1052 1038 1136 priorum
1060 1053 1097 1117 in

81 1141 173 1226 peius
198 1141 345 1227 adgnitio
366 1189 374 1206 .
392 1190 400 1206 .
420 1191 427 1206 .
446 1140 465 1206 .'
489 1144 522 1205 et
542 1162 623 1225 quae
646 1140 723 1205 hinc
742 1143 874 1223 sumpta
893 1162 962 1205 essa
985 1141 1097 1207 uiden-

56 1275 58 1279 <
81 1235 135 1295 tur
157 1230 291 1296 loannis
313 1229 485 1294 Ianuensis
507 1229 542 1292 in
566 1227 760 1294 ‘Catholico'
785 1251 810 1293 s.
828 1251 859 1292 u.
879 1228 1097 1315 ‘tragoedia't

83 1317 270 1384 ‘Comoedia
297 1341 317 1383 a
344 1317 498 1382 tristibus
525 1316 639 1400 incipit
667 1317 723 1381 sed
753 1339 826 1382 cum
849 1317 945 1383 laetis
970 1318 1098 1402 desinit,

81 1407 250 1492 tragoedia
273 1428 290 1471 e
313 1404 500 1472 contrario?
525 1442 564 1451 -
589 1404 642 1470 Sic
664 1404 744 1470 haec
763 1427 890 1490 quoque
913 1406 1026 1471 fabula
1047 1406 1097 1471 in-

84 1495 205 1580 ciperet
229 1518 248 1560 a
271 1494 368 1560 rebus
392 1495 489 1559 lactis
512 1497 545 1558 et
566 1494 716 1558 finiretur
740 1515 813 1558 cum
840 1495 993 1560 lacrimis.
1039 1493 1098 1560 (le-

83 1586 155 1647 tera
167 1605 246 1648 uero
260 1583 505 1668 tragoediarum
518 1581 647 1667 indicia,
660 1582 751 1646 uelut
770 1583 856 1666 quod
873 1583 908 1646 in
924 1583 970 1647 eis
986 1582 1098 1648 ‘iutro-

87 1670 247 1736 ducuntnr
269 1670 383 1736 heroes
402 1672 499 1736 duces
518 1692 611 1756 reges
631 1721 638 1734 .
658 1671 817 1737 ..luctus
843 1670 941 1734 exilia
964 1670 1098 1754 caedes',

85 1758 235 1824 huonon
254 1760 422 1844 quadrant,
446 1759 508 1824 etsi
526 1761 610 1824 tales
629 1779 681 1822 res
701 1758 736 1821 in
755 1758 930 1841 deperditis
950 1759 1099 1823 uersibus

84 1847 315 1931 pronuntiatae
336 1846 438 1913 fuisse
461 1851 609 1933 possunt.
645 1844 708 1911 Sed
730 1846 789 1910 illa
811 1868 878 1911 non
900 1848 1009 1912 omnia
1028 1851 1099 1912 tum

83 1935 250 2020 postulata
277 1957 349 2001 essa
378 1937 532 2001 discimus
561 1958 600 2000 ex
628 1934 739 2000 uerbis
767 1933 1099 2022 Ioannisnngli012),

85 2046 168 2107 quae
209 2023 299 2088 addit
341 2024 382 2089 ad
419 2025 607 2111 tragoediae
645 2023 829 2108 exemplum
866 2025 953 2107 quod
989 2025 1098 2089 affert:

85 2110 202 2178 ‘Huius
232 2112 378 2198 tragedia
406 2113 623 2196 proprietates
653 2113 737 2177 sunt
756 2113 841 2178 tales
866 2162 873 2177 .
897 2114 991 2196 graui
1022 2114 1099 2178 stilo

86 2199 310 2266 describitur.
333 2199 520 2283 pudibunda
549 2200 758 2285 proferuntur
786 2204 819 2265 et
842 2202 999 2266 scelerata
1023 2253 1029 2266 .
1052 2200 1099 2266 in-

86 2288 165 2372 cipit
180 2311 199 2353 a
218 2287 348 2374 gaudio,
366 2292 400 2353 et
417 2288 452 2351 in
469 2289 614 2356 lacrimis
628 2289 843 2354 terminatur?
879 2286 993 2374 Neque
1011 2288 1100 2354 enim

85 2377 152 2441 iam
175 2376 255 2442 dicit
277 2376 313 2441 in
340 2377 510 2462 tragoedia
534 2377 639 2464 ‘reges
664 2381 697 2443 ct
720 2377 903 2463 magnates'
928 2398 1032 2462 agere.
1055 2414 1098 2424 —

85 2463 252 2529 Habemus
275 2464 377 2551 igitur
401 2469 458 2530 aut
483 2466 684 2531 comoediam
703 2486 776 2530 cum
799 2464 1028 2530 additamentis
1051 2487 1098 2530 re

86 2553 241 2619 acutioris
265 2553 403 2637 originis
427 2558 485 2619 aut
506 2554 727 2639 fragmentum
749 2553 945 2638 tragoediae.
980 2553 1100 2618 Vtrum

86 2662 165 2708 uero
179 2641 299 2706 rectius
315 2642 368 2727 sit,
386 2663 425 2706 ex
438 2642 511 2726 ipso
526 2642 668 2707 carmine
682 2641 823 2707 iudicare
836 2665 904 2708 uon
916 2664 1101 2726 possumus,

88 2731 164 2814 quia
191 2730 348 2795 rimorum
376 2729 501 2795 aliaeue
528 2731 671 2796 rationes
700 2730 740 2794 ad
768 2731 852 2796 hanc
878 2731 1099 2815 quaestionem

88 2818 276 2884 soluendam
299 2818 381 2882 nihil
404 2819 552 2886 afferunt.

154 2904 216 2972 Sed
245 2928 356 2971 ansam
385 2928 499 2988 parare
526 2908 622 2974 nobis
649 2908 727 2972 licet
754 2930 792 2972 ex
820 2907 1037 2990 comparando
1061 2928 1098 2972 eo

86 2999 237 3080 poemata
257 2995 342 3079 quod
362 2993 576 3081 ‘Pamphilus'
595 2995 757 3062 nominari
771 2992 895 3081 solet.³)
927 2994 1017 3059 Haec
1037 2995 1099 3060 duo

89 3085 235 3149 carmina
259 3083 427 3148 simillima
450 3107 520 3149 esse
543 3087 667 3170 primus
697 3083 782 3168 quod
806 3083 908 3148 sciam
931 3083 1014 3147 uidit
1036 3083 1100 3148 uu-

112 3301 113 3304 *
161 3261 186 3323 1)
205 3256 283 3324 Keil,
304 3257 427 3313 Gramm.
447 3259 496 3314 lat.
515 3257 571 3313 uol.
591 3257 604 3310 I
622 3277 649 3326 p.
665 3263 726 3312 488.

157 3330 185 3399 2)
205 3328 337 3394 ‘Quellen
355 3347 403 3382 cur
420 3329 514 3398 bayer.
535 3348 561 3383 u.
581 3328 705 3385 deutsch.
725 3327 837 3383 Geschss
862 3329 916 3382 uol.
936 3328 1070 3397 lX.part.
1086 3329 1099 3383 Ι

85 3418 113 3470 p·
133 3404 186 3540 5033
198 3400 303 3524 1iloriidii
317 3469 438 3526 Nasonis
453 3469 632 3542 Pelignansis
647 3470 759 3529 cretica
771 3471 805 3525 et
814 3465 968 3522 amanam
977 3460 1143 3526 spasmo

81 3539 259 3596 Francoforti
277 3546 349 3597 1610
367 3561 395 3616 p.
417 3549 555 3604 75-105.
