2430 3832
86 121 128 185 92
405 118 453 174 DE
473 118 603 174 TRIBVS
621 118 780 175 Pvarnrs.
893 109 895 113 ⁷

14 357 18 363 ,
89 280 152 347 Vix
175 281 348 363 Venerem,
372 281 426 345 uix
448 280 620 366 lunonem,
642 282 697 345 uix
720 279 855 344 Pallada
877 278 1045 363 pulchram

46 391 72 430 20
131 370 209 434 Istis
232 370 415 455 uirginibus
440 371 619 434 assimilare
643 391 767 453 queam.

87 458 163 523 'Mox
186 459 298 543 facies,
320 480 395 523 mox
420 458 590 539 caesaries
614 479 689 521 mox
712 478 829 540 corpus
854 478 973 538 earum,
1005 483 1008 488 ·

131 546 208 611 Mox
232 569 347 612 manue
370 550 404 610 et
427 547 521 630 digiti
545 548 764 629 complacuere
788 544 883 628 mihi3

88 633 237 719 Namque
262 634 385 718 Cupido
410 656 502 698 suam
525 638 639 698 nostro
664 634 723 697 sub
748 634 842 698 corde
866 631 1021 717 sagittam

130 722 355 806 Ardentesque
379 723 465 786 faces
488 723 604 786 fixerat
625 722 695 804 ipse
719 743 803 786 suas.
829 757 867 766 -

48 830 74 870 25
86 810 142 881 Lis
167 815 236 875 erat
259 812 344 874 inter
367 832 436 894 eas,
460 832 542 893 quae
566 810 689 875 doctior
712 813 798 873 esset
821 830 930 872 earum

131 898 251 984 Cantu3
273 922 349 963 nam
373 902 471 962 cantu
494 898 618 963 doctior
640 919 706 961 una
728 897 800 960 fuit.

86 986 268 1053 Currebant
289 987 392 1070 igitur
414 989 496 1068 tres,
518 991 555 1051 ut
578 987 639 1050 sub
662 985 766 1050 iudice
788 1006 866 1050 uero

130 1075 245 1141 Iudicii
267 1075 395 1139 laudem
420 1074 458 1138 de
480 1074 585 1139 tribus
609 1097 673 1138 uua
696 1073 790 1137 ferat.

87 1162 197 1227 Prima
220 1186 325 1248 rosas,
348 1184 481 1246 pomum
504 1163 583 1226 tulit
607 1164 722 1245 altera,
745 1160 843 1225 tertia
865 1182 1003 1244 ramum,

47 1271 74 1310 eo
134 1250 223 1326 Quae
246 1252 310 1315 tria
332 1251 524 1334 uirginibus
540 1272 635 1334 saepe
658 1252 786 1332 placere
810 1250 925 1314 solent.

89 1338 151 1403 Hst
175 1360 292 1421 operae
315 1338 456 1422 pretium
480 1339 661 1402 describere
685 1339 723 1401 de
747 1338 852 1402 tribus
875 1359 985 1420 unam3

132 1425 303 1490 Pulchrior
325 1425 405 1489 haec
429 1427 548 1490 etenim
571 1427 609 1490 de
633 1426 736 1490 tribus
762 1448 825 1490 una
847 1425 919 1490 fuit.
946 1461 983 1470 -

90 1515 196 1580 Huius
220 1518 314 1579 erant
336 1518 444 1579 uestes
469 1516 606 1599 gemmis
631 1537 773 1598 auroque
798 1515 966 1597 micantes,

132 1602 179 1669 At
202 1604 290 1669 nitor
312 1604 346 1667 in
371 1607 442 1668 toto
466 1625 601 1687 corpore
625 1604 728 1667 maior
752 1606 831 1667 erat.

48 1711 74 1752 ee
89 1691 196 1757 Orinis
221 1696 292 1757 erat
313 1692 418 1756 flauus
441 1692 540 1756 rutilo
564 1692 779 1757 circumdatus
803 1712 891 1775 aure,

133 1780 180 1846 At
203 1781 306 1846 crines
330 1802 409 1845 auro
431 1783 506 1864 plus
531 1781 681 1863 placuere
705 1780 795 1845 mihi.

87 1869 280 1934 Vernabant
303 1890 415 1934 roseae
440 1870 561 1934 circum
584 1872 681 1954 caput
704 1869 777 1933 inde
801 1888 948 1951 coronae,

133 1954 214 2021 (lum
238 1960 349 2021 tamen
375 1958 496 2040 absque
520 1958 603 2022 rosis
628 1957 795 2040 splendida
818 1960 888 2020 tota
911 1956 1005 2020 foret.

87 2043 193 2109 Frons
218 2044 364 2127 speciosa
387 2044 499 2127 nimis,
522 2047 597 2128 gula
619 2047 738 2128 lactea,
762 2045 847 2110 colla
870 2064 1049 2128 manusque

48 2153 74 2192 ro
132 2131 280 2196 Vrebant
303 2133 429 2196 animos
453 2135 486 2195 et
509 2132 578 2196 sine
601 2133 666 2197 fine
690 2154 789 2197 meos
1053 2143 1059 2158 ‘

88 2220 165 2286 Non
188 2220 293 2304 magis
317 2220 352 2284 in
376 2221 465 2285 caelo
490 2224 566 2284 sunt
589 2220 713 2285 lumina
737 2222 825 2286 clara
849 2243 961 2287 sereno

133 2309 238 2385 Quam
261 2309 391 2373 fuerant
414 2310 514 2374 oculis
537 2310 661 2374 lumina
683 2311 772 2374 clara
796 2311 872 2374 suis.

91 2397 239 2482 Vtraque
262 2398 447 2481 praeclaras
472 2419 617 2484 gemmas
641 2400 716 2462 tulit
740 2399 827 2462 auris
851 2402 884 2462 et
908 2420 1030 2482 aurum,

131 2486 278 2570 Vtraque
302 2508 369 2551 non
391 2491 485 2552 tanto
508 2487 649 2571 pondere
674 2487 773 2571 digna
795 2487 909 2571 premi.

46 2594 74 2633 ra
87 2574 208 2639 Forma
229 2576 428 2657 papillarum
452 2597 610 2658 nusquam
633 2576 771 2658 parebat
793 2577 828 2638 in
850 2575 918 2658 illa,

131 2662 195 2727 Vel
219 2662 295 2744 quia
317 2684 420 2746 parua
442 2664 540 2728 nimis
564 2663 617 2728 uel
640 2663 717 2747 quia
740 2663 855 2728 stricta
877 2662 949 2727 fuit.

87 2779 300 2786 .-.---.--

159 2839 194 2890 19
202 2834 332 2959 ΡΜΜἫ
341 2836 453 2904 pallade
460 2834 487 2887 H
497 2866 530 2875 -
541 2835 686 2904 pulchram
697 2837 731 2890 P:
742 2836 860 2906 pulchra
870 2836 930 2889 ΗΜ
941 2868 973 2877 -
983 2841 1021 2892 20
1031 2837 1100 2892 assi-

87 2905 198 2975 milare]
219 2902 303 2960 assim
335 2923 382 2961 are
396 2906 423 2959 H
441 2937 475 2946 -
494 2910 533 2962 23
547 2907 610 2978 sub]
626 2906 679 2960 sibi
693 2907 715 2960 P
730 2938 764 2948 -
779 2911 817 2962 24
831 2907 892 2977 ipse
905 2907 947 2961 Με
966 2907 1029 2977 ipsa
1047 2909 1100 2963 ΗΡ

89 3008 122 3018 -
142 2981 183 3034 26
196 2976 299 3048 Canta]
321 2977 439 3032 (lantum
454 2976 476 3029 P
496 3007 528 3016 -
547 2982 588 3033 28
606 2977 692 3049 ferat]
711 2978 766 3032 fuit
783 2977 813 3030 M
831 3007 865 3018 -
884 2983 919 3033 31
938 2977 1001 3047 Est]
1020 2978 1058 3034 Et
1071 2980 1100 3034 M

88 3079 122 3090 —
142 3048 188 3117 de]
202 3047 289 3104 om.P
308 3079 342 3090 —
361 3052 398 3103 35
412 3045 502 3102 Orinis
518 3046 553 3102 P:
571 3047 670 3103 Exitus
686 3048 747 3102 HM
765 3079 799 3088 —
818 3051 880 3103 erat
893 3049 995 3122 huus]
1010 3049 1100 3105 flauus

89 3121 150 3174 erat
168 3119 191 3173 P
215 3150 248 3160 -
272 3118 370 3189 rutilo]
390 3119 484 3173 rutulo
503 3116 526 3171 P
549 3150 581 3159 -
606 3123 643 3174 37
661 3119 835 3191 Vernabant]
855 3120 1017 3176 Uernebant
1034 3122 1101 3177 libri

87 3221 121 3230 —
131 3191 240 3262 roseae]
255 3206 336 3245 rosae
350 3191 416 3245 labri
430 3219 464 3230 -
479 3187 583 3244 circum
594 3189 632 3245 H:
644 3192 751 3244 certum
761 3189 791 3243 Μ
806 3189 943 3245 sertumP
957 3223 989 3232 -
1001 3193 1087 3261 capnt

87 3261 164 3330 capit
178 3262 206 3315 Μ
226 3291 260 3301 -
278 3261 358 3385 indeq
374 3265 404 3315 at
423 3260 494 3315 neP
514 3291 549 3302 ·-
568 3260 699 3326 coronae]
714 3260 835 3315 chorona
849 3260 880 3314 Μ
897 3292 932 3302 -
951 3266 987 3317 39
1001 3260 1085 3316 nimis

85 3331 177 3386 minus
191 3331 214 3384 P
228 3362 262 3373 —
277 3337 314 3386 40
328 3349 342 3386 e
356 3332 368 3403 ]
384 3349 412 3387 se
447 3333 515 3387 tetre·
530 3336 607 3402 (quoe
621 3332 742 3397 defendit
755 3331 914 3400 Buecheler)
928 3362 962 3372 -
976 3337 1012 3386 43
1023 3348 1099 3401 gem·

86 3402 159 3474 mas]
177 3418 290 3473 gemma
307 3403 334 3456 H
360 3434 394 3443 -
421 3403 508 3474 auris]
528 3419 608 3457 aures
629 3403 695 3457 libri
718 3433 751 3442 -
775 3407 811 3457 44
828 3403 1052 3527 tentoiitantum
1070 3403 1100 3457 Μ

77 3499 112 3507 -
125 3477 171 3523 {5
181 3473 252 3542 rlla]
266 3472 321 3528 illo
333 3475 403 3530 libri
422 3505 453 3515 ·-
473 3478 511 3530 46
526 3473 617 3546 quia¹]
637 3489 708 3543 quae
723 3473 801 3542 libri,
820 3489 889 3529 corr.
933 3474 1051 3530 eecbelcr
1065 3504 1099 3514 -
