2430 3832
523 170 641 226 carvr
660 157 693 225 ri,
1071 171 1114 236 27

101 337 226 419 potest,
245 355 317 399 meo
336 334 464 418 quidem
482 333 600 399 iudicio
620 333 699 398 satis
719 334 825 399 elucet
843 335 980 398 alterum
997 357 1115 420 poema

102 422 236 488 alterius
265 423 390 488 auctori
416 427 532 488 notum
558 421 676 506 fuisse,
703 422 780 507 quia
805 443 872 486 non
895 427 946 487 est
969 423 1054 506 quod
1075 424 1114 489 de

102 511 265 576 communi
287 512 468 596 cogitemus
492 511 647 594 exemplo.
690 508 753 575 Sed
776 513 848 575 uter
869 509 969 575 fuerit
991 513 1114 597 compi·

102 599 188 664 lator
211 600 429 683 quaerendum
457 605 516 665 est.
561 598 610 664 Ae
633 599 749 682 Peiper
773 598 903 682 quidem
927 597 1046 664 ‘nuntii
1064 623 1113 665 sa·

102 686 203 772 gacis'
228 692 394 753 auctorem
413 685 646 771 ‘Pamphilum'
664 687 831 752 imitatum
849 708 920 752 esse
938 689 1058 771 posuit,
1080 689 1114 754 id

101 776 187 860 quod
205 777 389 862 proximum
409 798 479 841 esse
495 775 668 841 conicienti
685 775 827 841 libenter
840 776 989 841 concedo.
1026 774 1114 841 Nam

100 863 163 929 hoc
191 886 323 929 carmen
349 868 444 930 tanto
468 863 650 950 elegantius
674 867 725 928 est
753 886 852 949 quam
874 864 971 948 illud,
998 868 1036 929 ut
1057 866 1114 929 uix
1176 891 1178 897 ’

101 952 261 1038 suspicari
288 953 386 1018 liceat
412 953 508 1018 huius
536 956 702 1018 auctorem
732 953 927 1036 compilasse
954 954 1114 1018 rusticum

99 1041 183 1105 illud
216 1046 249 1106 et
276 1042 383 1108 minus
410 1042 550 1128 politum
578 1063 694 1126 poema
727 1041 813 1125 quod
841 1044 891 1105 est
918 1039 970 1104 ‘de
997 1042 1113 1106 nuntio

100 1128 232 1216 sagaei'.
275 1129 338 1195 Sed
353 1131 497 1197 animum
512 1130 663 1196 aduertas
677 1130 749 1214 hoc,
768 1129 854 1214 quod
867 1128 902 1192 in
917 1127 1113 1213 ‘Pamphilo’

100 1240 213 1284 amans
242 1219 300 1283 ille
323 1221 450 1286 iuuenis
477 1221 543 1285 iam
565 1220 634 1303 ipso
662 1219 790 1283 locutus
814 1221 885 1282 erat
907 1240 981 1283 cum
1002 1218 1114 1302 puella

98 1308 342 1392 perfeceratque
365 1312 402 1374 ut
426 1309 489 1373 sibi
512 1308 756 1392 permitteretur
778 1307 940 1371 interdum
958 1330 1023 1372 una
1042 1328 1113 1373 esse

98 1419 170 1460 cum
189 1397 329 1462 amicula
348 1396 499 1483 (Pamph.
516 1396 564 1461 XI
582 1397 640 1462 in:
664 1394 833 1471 ‘Quamuis
851 1395 1005 1460 illicitum
1024 1418 1112 1461 com-

97 1485 212 1569 plexus
228 1486 335 1550 nutrit
349 1507 492 1550 amorem
512 1488 517 1562 Ι
537 1484 582 1550 Et
595 1485 715 1551 fallunt
729 1485 894 1549 dominam
908 1484 1001 1549 basia
1016 1506 1113 1569 saepe

100 1571 443 1724 1111111110Ιὲῗέ
460 1572 717 1724 {tibridem
734 1572 1109 1725 dimittitis

99 1707 308 1832 loquemur').
355 1681 448 1812 dihil
479 1747 580 1831 igitur
611 1711 696 1831 erat',
718 1682 785 1811 Idur
813 1681 1112 1831 perqinterpretedi

101 1831 242 1920 (11165)
266 1834 403 1920 uirginis
427 1856 571 1899 amorem
595 1834 659 1900 sibi
681 1839 822 1919 pararet,
846 1834 1000 1919 quoniam
1023 1838 1113 1901 recta

99 1923 154 1988 uia
177 1945 214 1988 1ο
237 1923 407 2020 peruenire
429 1927 559 2007 poterat
583 1945 646 2007 quo
666 1924 809 1989 uolebat.
848 1923 896 1988 At
915 1946 1115 2009 quamquam

99 2012 169 2095 ipse
195 2012 366 2096 profitetur
387 2009 501 2099 (XIII
526 2017 561 2077 et
577 2014 628 2096 2J:
652 2011 948 2079 ς111111111111111
971 2036 1039 2080 non
1062 2018 1112 2080 est

99 2100 273 2184 <1111>1111
295 2100 360 2165 fuit
382 2099 473 2184 orbe,
493 2102 498 2183 1
518 2099 649 2187 Figitur
671 2102 707 2166 in
729 2103 810 2188 ripis
833 2103 975 2169 anchora
997 2108 1112 2170 nostra

99 2188 189 2274 suis'‚
211 2225 255 2237 —
279 2211 354 2254 mox
373 2188 457 2253 male
479 2189 576 2275 fingit
597 2190 830 2275 impedimenta
852 2192 916 2256 sibi
939 2193 1112 2258 obuenisss

100 2274 179 2364 (XII
201 2279 241 2344 13
265 2282 299 2342 et
323 2278 378 2343 14:
401 2275 539 2343 ‘Firmet
562 2279 741 2343 amicitiam
765 2280 794 2344 si
816 2280 907 2343 nulla
930 2279 1111 2363 frequentia

97 2370 253 2452 nostram,
273 2371 279 2446 Ι
299 2365 375 2431 Non
393 2367 474 2431 bene
493 2367 606 2431 firmus
620 2365 726 2431 adhue
739 2368 852 2431 forsan
867 2366 971 2430 abibit
984 2366 1111 2451 amor'),

99 2454 147 2519 ita
174 2461 212 2520 ut
240 2477 352 2520 rursus
380 2455 554 2539 desperans
579 2453 657 2537 (XII
678 2456 738 2520 21:
765 2453 847 2518 ‘Hac
873 2454 964 2517 inre
986 2454 1111 2519 nullam

99 2544 192 2609 uideo
225 2544 307 2608 mibi
339 2539 618 2630 prosperitatem’)
655 2542 824 2628 confugiat
860 2540 902 2606 ad
936 2543 1112 2608 sceleratae

100 2632 188 2697 illius
208 2654 289 2697 anus
309 2631 472 2696 auxilium.
506 2629 603 2696 01111
621 2630 784 2697 consentit
802 2630 865 2696 hoc
883 2653 957 2696 cum
976 2632 1111 2697 consilio

100 2721 131 2784 ei
143 2742 163 2784 1
176 2719 303 2785 Venere
323 2719 399 2784 dato
415 2716 655 2806 (1116511661
680 2719 736 2785 ‘Et
752 2722 883 2806 placeat
901 2720 995 2786 uobis
1012 2721 1111 2787 inter·

99 2828 174 2892 pres
192 2808 276 2873 fidus
296 2808 433 2892 utrique,
453 2807 457 2895 Ι
479 2808 542 2885 Qui
560 2813 654 2875 caute
668 2808 863 2874 11111111111
877 2810 962 2892 quod
976 2813 1111 2895 uterque
1176 2876 1178 2888 ἶ

100 2892 231 2981 cupit'),
263 2899 297 2961 at
328 2900 440 2962 tamen
466 2898 552 2983 quod
578 2898 711 2962 meliore
742 2897 908 2982 patefacta
936 2899 1028 2983 peior
1057 2899 1112 2963 uia

101 2984 243 3070 additur,
270 2986 490 3051 certissimum
517 2986 599 3051 mihi
623 2987 754 3052 uidetur
776 2986 1005 3052 documentum
1028 2986 1111 3051 hanc

101 3075 285 3158 argumenti
308 3078 434 3158 partem
458 3078 624 3160 sumptam
647 3096 717 3139 esse
740 3096 780 3139 ex
803 3074 970 3140 comoedia
987 3078 1109 3139 nostra.

101 3160 242 3229 Omnino
271 3162 493 3247 ‘Pamphilus'
521 3163 687 3229 comoedia
715 3164 928 3247 recentiorem
956 3163 1024 3228 olet
1050 3164 1111 3227 ori·

101 3249 243 3338 ginem1)
276 3256 309 3317 11
337 3251 579 3318 Christianismi
611 3252 760 3337 uestigiis
793 3257 826 3316 et
857 3250 944 3335 quod
973 3251 1110 3337 pluralis

172 3463 198 3528 1)
223 3460 285 3527 Quo
307 3463 432 3530 tempore
457 3460 645 3533 ‘Pamphilus’
673 3461 801 3530 scriptus
821 3459 882 3526 sit,
902 3458 1027 3520 susum
1048 3463 1139 3514 um·

99 3529 183 3585 situm
202 3536 247 3587 est
264 3534 292 3588 et
306 3530 399 3588 adbuc
414 3533 469 3590 sub
485 3533 584 3593 iudice
595 3533 637 3591 iis
651 3535 708 3591 est.
734 3520 1072 3590 uenustissimam„
1084 3523 1169 3561 am·
