2430 3832
89 179 132 242 52
457 175 733 233 PROLEGOMENA

88 341 163 406 inde
183 344 327 425 apparet,
347 341 432 426 quod
451 341 568 405 ultima
587 339 701 404 ‘amor’
721 340 872 405 uocabuli
887 340 1013 424 syllaba
1028 344 1110 406 ante

90 431 234 495 uooalem
257 429 416 514 producta
439 433 497 494 est.
539 429 712 492 Praeterea
735 429 849 493 breues
869 429 1015 512 syllabae
1035 450 1109 494 eae·

93 541 169 583 sura
192 518 423 605 semiquinaria
444 519 562 601 longae
589 516 696 581 factae
720 517 854 581 suntin
877 539 929 581 uu.
957 517 1005 582 15.
1031 520 1108 584 129.

90 607 165 672 217.
193 607 268 673 235.
296 605 398 692 (253).
449 605 498 670 De
526 605 696 670 elisionum
729 628 790 670 usu
818 605 958 671 dubitari
986 609 1110 690 potest,

91 695 244 779 quoniam
263 697 297 759 in
317 695 410 759 libris
430 695 492 759 duo
512 694 721 758 inueniuntur
741 694 895 777 exempla.
936 694 974 758 In
993 716 1022 760 u.
1040 697 1107 761 149

92 783 243 868 ‘namque
261 783 345 868 ipsa’
365 783 491 848 mutaui
510 782 545 847 in
565 782 627 846 ‘me
646 781 806 866 namque',
830 784 905 868 quia
928 782 1009 847 illud
1029 783 1110 848 ‘me'

90 872 310 938 necessarium
335 893 404 936 esse
429 872 518 937 duco.
560 872 599 936 In
622 895 652 935 u.
671 870 737 937 253
761 876 889 935 secutus
914 893 985 935 sum
1004 870 1031 934 P
1055 894 1109 938 eo-

91 961 205 1046 dicem,
218 983 258 1026 ne
273 962 308 1025 in
321 983 454 1026 caesura
469 959 641 1046 principali
655 960 748 1024 fieret
763 959 865 1026 elisio.
896 959 950 1025 An
965 960 1109 1044 sumpsit

96 1053 210 1115 auctor
234 1049 410 1134 elisionem,
433 1053 471 1113 ut
495 1046 796 1113 ε110111Ρ1101110’
820 1049 929 1113 uerbis
953 1049 988 1113 in
1006 1071 1110 1114 unum

91 1139 272 1203 coniunctis
303 1159 438 1203 caesura
469 1137 562 1201 fieret
595 1136 883 1221 semiseptenaria?
919 1174 956 1182 —
992 1136 1109 1203 Rimos

90 1227 260 1290 numeraui
284 1225 493 1310 septuaginta
513 1228 647 1310 septem,
671 1247 687 1289 e
708 1225 825 1309 quibus
845 1225 977 1308 plurimi
994 1226 1109 1312 legun-

91 1315 202 1377 turin
226 1313 450 1397 pentametris.
487 1313 640 1397 Plerique
662 1335 741 1378 uero
764 1318 835 1378 tam
857 1314 946 1379 lenes
971 1319 1047 1379 sunt
1069 1319 1110 1381 ut

92 1423 148 1467 eos
172 1403 321 1467 consulto
346 1402 510 1467 adhibitos
535 1423 605 1466 esse
628 1403 684 1466 uix
709 1403 751 1466 sit
773 1402 959 1467 uerisimile.
996 1402 1109 1470 Enoto

91 1489 194 1574 igitur
222 1492 449 1556 tantummodo
476 1490 550 1556 hos:
579 1513 610 1555 u.
635 1492 690 1555 71:
719 1489 862 1576 ‘gratum
889 1527 927 1536 —
953 1492 1110 1577 pratum',

96 1579 171 1644 129:
196 1579 291 1645 ‘teste
306 1617 349 1628 -—
364 1584 414 1644 est
436 1578 491 1665 te',
514 1579 592 1645 235:
617 1578 722 1664 ‘parte
736 1615 780 1625 -
794 1579 886 1663 arte',
910 1579 989 1645 253:
1008 1579 1111 1646 ‘taeta

93 1706 135 1714 —
159 1669 355 1753 liquefacta'.
392 1704 429 1716 —-
464 1668 678 1752 Dactylorum
706 1689 859 1732 numerus
890 1668 988 1753 longe
1016 1691 1110 1753 prae-

93 1757 199 1842 ualet,
224 1758 424 1843 spondiazon
446 1779 559 1823 uersus
584 1757 693 1822 nullus
716 1756 844 1840 legitur.
923 1826 928 1835 .

159 1854 356 1940 Plerumque
380 1857 463 1920 inter
486 1854 710 1919 hexametrum
735 1858 768 1918 et
794 1857 1033 1938 pentametrum
1056 1876 1110 1937 pe-

94 1941 178 2007 riodi
200 1943 346 2007 membra
370 1944 416 2008 sie
441 1943 545 2007 diuisa
572 1947 666 2026 sunt,
695 1946 733 2007 ut
760 1943 946 2007 hexameter
969 1943 1110 2007 alterum

94 2029 228 2114 efficiat,
256 2031 392 2095 alterum
419 2033 630 2114 pentameter.
682 2028 795 2094 Artius
826 2053 903 2095 uero
933 2031 1110 2096 cohaerent

94 2119 288 2203 111111,
314 2121 353 2184 11
379 2122 412 2183 a
433 2119 487 2202 11,
510 2118 553 2183 11
577 2120 610 2183 a
629 2119 682 2202 11,
705 2120 746 2183 11
771 2122 804 2183 a
824 2120 875 2198 11,
900 2119 963 2184 111
983 2124 1016 2185 a
1038 2120 1111 2202 116,

92 2207 156 2272 201
181 2211 215 2272 a
238 2208 319 2294 101,
342 2209 404 2273 111
431 2211 464 2271 a
487 2208 564 2276 111.

158 2314 207 2379 De
232 2314 330 2380 rebus
353 2314 554 2400 prosodiaeis
578 2314 699 2378 adnoto
722 2313 815 2378 haee:

138 2420 242 2505 ‘puto'
266 2422 302 2486 in
324 2445 354 2486 u.
378 2421 430 2506 54,
453 2419 553 2506 ‘peto’
581 2421 652 2502 127,
681 2418 838 2505 ‘porrigo'
862 2419 936 2502 205,
964 2420 1109 2505 ‘quaest'

186 2511 258 2593 142,
282 2509 373 2576 ‘seio’
398 2511 450 2576 56.
473 2511 548 2594 228,
571 2506 701 2574 ‘sentit'
724 2509 799 2574 286.

137 2606 321 2671 ‘mouendo’
344 2607 379 2670 in
401 2630 431 2671 u.
455 2607 506 2671 96.

139 2701 274 2767 ‘santio'
289 2701 355 2787 (uel
369 2700 518 2787 ε10111112)
539 2703 574 2767 in
592 2726 623 2768 u.
638 2703 691 2786 84,
709 2701 810 2769 ‘earo'
825 2704 900 2788 269,
925 2704 1045 2789 ‘uirgo'
1060 2706 1113 2771 62.

186 2790 239 2854 77.
259 2791 310 2855 81.
330 2791 383 2856 86.
405 2790 477 2855 134.
504 2791 575 2856 147.
601 2791 673 2856 164.
697 2792 771 2856 218.
795 2791 869 2857 245.

141 2885 244 2971 ‘ergo'
254 2886 290 2951 in
303 2910 334 2952 u.
347 2887 504 2970 109.137‚
518 2884 637 2974 (‘ergo'
648 2887 738 2973 295‚)
753 2887 882 2973 ‘primo'
895 2891 947 2973 77,
961 2888 1111 2974 ‘quanto-

109 3034 112 3038 .
186 2975 303 3060 magia'
329 2976 384 3041 sed
408 2974 635 3062 ‘tantomtgis'
658 2977 692 3041 in
716 3000 747 3041 u.
770 2977 843 3042 267.

139 3072 289 3226 ‘dlrpam'
321 3074 356 3138 in
382 3097 413 3138 u.
437 3074 480 3138 64
509 3072 639 3140 tollitur
667 3072 859 3139 Buecheleri
887 3075 1112 3141 emendatione

185 3161 195 3191 ‘
219 3160 367 3227 irimam'.

141 3259 237 3336 Quod
260 3260 296 3323 in
320 3282 350 3325 u.
372 3258 435 3326 155
459 3257 650 3344 ‘parantur'
674 3259 809 3345 legitur,
831 3261 893 3327 hoe
916 3265 1033 3344 poetae
1056 3263 1113 3326 tri-

187 3347 353 3414 buendum
377 3369 446 3414 esse
467 3369 566 3434 nego,
594 3347 812 3414 desideramus
842 3348 1016 3416 ‘hortatur’
1044 3352 1112 3417 tale

188 3437 279 3520 quid3
303 3437 384 3501 item
400 3458 468 3503 non
485 3437 589 3523 probo
609 3459 639 3501 u.
661 3438 723 3502 196
743 3436 871 3524 ‘grato'
890 3438 1020 3505 collatis
1040 3462 1067 3505 e.
1081 3461 1112 3527 g.

35 3602 42 3631 ᾗ
171 3544 222 3586 nu.
251 3525 303 3590 91.
330 3525 381 3590 92.
