2430 3832
81 157 125 222 22
149 156 425 214 PROLEGOMENA
438 158 488 212 AD
504 156 722 213 COMOEDIAM
735 157 783 212 Da
797 157 937 213 NVNTIO
953 156 1095 215 sitici.

100 335 115 384 s
134 319 182 384 Vt
204 319 290 384 foret
311 320 435 384 alterne
459 341 543 385 nunc
566 323 703 404 vtraque
727 320 856 386 conscia
878 320 945 384 rite

137 406 219 492 Sepe
242 409 342 473 timor
364 408 494 494 fugiens
517 430 576 473 nec
600 409 811 474 sollicitasset
834 431 977 475 amorem

136 497 207 562 Hoc
230 499 347 563 misere
370 496 426 561 sed
445 497 529 563 velle
552 500 649 562 nocet
672 497 747 561 dum
770 519 865 581 posse
887 500 1023 584 negaret

134 585 295 651 Iamiam
318 586 488 670 proplures
512 586 594 649 silue
617 607 677 650 nos
701 608 843 670 saxaque
866 587 976 671 plures

134 672 230 740 Nunc
252 678 288 739 tu
311 672 447 739 tristicie
469 695 536 739 non
559 677 592 738 te
614 675 708 740 valeo
731 675 866 740 reticere

83 779 116 829 10
134 762 189 828 En
212 763 308 828 modo
332 762 511 846 conspicito
535 762 613 846 quia
636 767 741 828 mesta
765 763 887 828 sororis
910 785 1029 850 ymago

135 850 260 936 Corpus
285 852 457 916 marcescit
480 872 535 916 cor
557 873 686 936 semper
707 852 801 917 triste
824 853 973 936 gemiscit

133 939 179 1004 Et
200 943 311 1026 preter
333 940 485 1005 lacrimas
510 940 613 1006 oculis
637 942 687 1005 est
709 941 801 1005 nulla
822 942 974 1026 voluptas

134 1027 215 1094 Fine
239 1028 357 1113 quibus
376 1029 468 1094 nullo
486 1028 567 1093 relis
585 1029 700 1094 vmbre
719 1050 819 1114 genas
838 1030 968 1095 malefic

134 1117 207 1182 Hiis
231 1118 310 1183 solis
333 1122 474 1183 mentem
499 1116 588 1181 soleo
612 1117 752 1182 mulcere
774 1119 939 1183 dolentem

82 1221 115 1270 15
135 1205 219 1270 Hinc
242 1210 339 1290 caput
361 1210 412 1271 est
435 1226 548 1291 egrnm
571 1204 759 1290 defectaque
783 1208 839 1272 lux
862 1208 1028 1272 oculorum

134 1293 260 1359 Obruta
282 1298 358 1359 sunt
381 1294 480 1359 corda
503 1293 605 1357 macie
629 1294 727 1359 simul
750 1297 860 1362 omnia
883 1298 1029 1363 membra

133 1381 196 1447 Hic
218 1382 312 1447 labor
334 1382 388 1447 hio
412 1403 520 1447 meror
543 1404 670 1447 mecam
693 1384 760 1448 sint
783 1385 903 1468 gaudia

132 1469 217 1536 Ecce
241 1471 352 1536 dolore
376 1474 521 1536 tremunt
544 1469 639 1556 digiti
661 1494 746 1538 nunc
770 1495 845 1538 cara
869 1495 1018 1540 sororum

131 1557 259 1624 Vltima
280 1560 381 1626 uerba
404 1559 505 1625 refert
527 1559 620 1624 uiuat
642 1561 750 1627 valeat
774 1584 901 1646 quoqne
925 1584 1060 1647 semper.
