2430 3832
523 184 641 240 GAPVT
659 185 693 239 II.
1072 183 1115 248 29

102 349 319 415 ostendantur
341 346 465 435 (LXIII
490 349 545 413 10:
568 346 670 412 ‘Haeo
693 351 750 411 tua
774 347 818 411 sit
842 347 980 412 coniunx
1002 347 1116 432 uirque

102 438 148 502 sit
169 439 232 502 iste
254 434 368 523 tuus'),
389 437 444 501 hic
462 437 556 521 uirgo
576 436 708 501 domum
726 438 917 500 reuertatur.
955 435 1116 520 Equidem

102 526 204 612 igitur
222 527 332 609 credo,
355 525 388 589 id
412 525 497 609 quod
522 525 745 589 demonstrare
767 545 906 609 nequeo,
929 522 1116 609 ‘Pamphili'

102 618 270 680 auctorem
293 613 400 678 nostri
423 613 574 678 carminis
598 613 718 698 legisse
741 636 794 678 uu.
818 612 973 677 35-285
997 635 1116 698 eosque

102 724 172 767 esse
201 703 377 789 genuinam
406 700 456 766 ‘de
484 702 599 766 nuntio
629 702 749 786 sagaci'
778 702 986 767 comoediam.
1031 701 1116 768 Huic

99 791 296 873 comoediae,
319 812 415 874 quarn
434 790 468 854 in
492 790 611 855 scholis
635 793 812 856 tractatam
836 813 906 855 esse
928 812 986 875 per
1004 790 1117 876 Hugo·

101 900 177 944 nem
205 875 521 964 mimbergensem1)
550 879 683 962 scimus,
715 879 854 944 fortasse
882 879 959 944 dum
987 901 1116 964 compa·

102 971 195 1032 ratur
223 989 295 1032 cum
324 965 521 1050 ‘Pamphilo'
548 1003 586 1014 —
612 967 692 1031 haee
721 968 808 1031 enim
835 970 978 1033 carmina
1008 970 1115 1034 medio

99 1055 168 1120 iam
192 1077 272 1120 aeuo
296 1060 486 1139 comparata
509 1077 579 1120 esse
598 1055 679 1119 mihi
701 1056 861 1138 probatur
883 1057 969 1140 quod
988 1058 1029 1121 ab
1048 1056 1115 1123 Hu-

102 1164 185 1228 gone
219 1144 331 1208 statim
363 1148 440 1227 post
470 1142 713 1228 ‘Pamphilum’
745 1145 933 1210 nominatur
965 1145 1115 1214 ‘Ouidius

100 1231 298 1317 puellarum'
322 1270 364 1278 -
388 1255 407 1296 a
430 1233 590 1317 discipulo
615 1231 788 1319 quodam²)
815 1234 868 1298 uel
891 1235 1050 1319 magistro
1074 1237 1115 1301 ad

102 1320 352 1386 similitudinem
372 1321 554 1406 augendam
572 1321 717 1386 adiectus
738 1326 788 1387 est
806 1324 962 1410 prologus
981 1324 1037 1388 ille
1056 1326 1114 1389 mi-

100 1429 163 1475 nus
178 1410 329 1475 sollerter
344 1411 558 1494 conscriptus,
576 1410 624 1473 ita
641 1414 679 1474 ut
696 1410 729 1474 id
740 1410 815 1494 ¹fere
831 1411 1010 1477 efficeretur
1029 1415 1114 1498 quod

103 1497 240 1563 dicimus
260 1497 643 1584 ‘Bahman-Erzdhlung'.
675 1499 795 1564 Postea
814 1523 887 1565 eum
906 1502 1116 1587 cognouisset

101 1585 241 1671 prologo
265 1587 426 1671 postulari
445 1591 483 1652 ut
505 1609 557 1652 res
576 1609 674 1671 porro
693 1591 898 1672 tractaretur,
921 1591 1026 1673 eoepit
1045 1592 1114 1674 qui-

102 1673 177 1738 dam
195 1675 340 1739 fabulam
355 1676 542 1741 continuare
555 1697 615 1741 nee
634 1680 743 1741 tamen
761 1677 905 1761 perfecit,
924 1682 957 1741 et
974 1676 1114 1744 fortasse

100 1765 181 1826 tunc
200 1762 329 1826 demum
349 1763 453 1828 additi
472 1768 548 1828 sunt
567 1765 596 1828 ei
615 1787 727 1829 uersus
748 1786 828 1848 quos
847 1766 976 1829 tristem
992 1766 1113 1831 exitum

100 1850 295 1935 portendere
314 1850 389 1917 dixi.
426 1851 553 1918 (lartius
572 1875 650 1918 uero
671 1853 776 1917 adhuc
790 1855 891 1917 statui
909 1876 1005 1937 posse
1018 1876 1114 1940 nego,

102 1939 179 2022 quia
198 1960 326 2003 carmen
349 1940 383 2004 in
402 1940 523 2007 scholis
546 1942 731 2007 lectitatum
753 1941 891 2006 fortasse
909 1965 967 2027 per
987 1944 1113 2028 aliquot

101 2028 230 2094 saecula
254 2029 333 2112 quin
351 2030 445 2095 ualde
464 2035 644 2095 mutaretur
666 2031 739 2094 fieri
757 2052 823 2095 non
840 2035 978 2114 poterat.

100 2158 315 2169 —--.-

174 2222 200 2290 1)
218 2219 381 2291 Registrum
399 2221 552 2277 multorum
571 2225 718 2278 auctorum
735 2239 781 2275 uu.
803 2227 953 2277 rao-737.

172 2295 200 2360 2)
217 2290 287 2347 Vide
298 2308 370 2361 quae
383 2292 514 2347 disseruit
523 2293 649 2362 E.V0igt
658 2294 688 2347 in
699 2291 823 2346 ‘Mitteil
834 2293 860 2346 d.
871 2293 934 2346 Ges.
946 2293 965 2346 f.
977 2293 1112 2350 deutsche

100 2361 221 2417 Eraieh.·
239 2381 265 2418 u.
286 2361 478 2433 Sohulgeseh.’
499 2364 512 2416 I
532 2369 545 2416 1
565 2382 592 2433 p.
607 2370 642 2418 48
653 2382 695 2433 sq.
