2430 3832
451 697 813 781 PRAEFATIO.

193 856 283 921 luter
301 877 423 941 paucos
446 857 522 921 illos
540 856 645 940 uiros,
669 854 724 939 qui
747 853 845 920 medii
869 842 1141 923 aeui'comoediis

18 953 20 962 ’
127 967 259 1029 operam
289 945 460 1028 dederunt,
489 945 594 1009 adhuc
621 965 716 1008 nemo
741 947 897 1028 quantum
923 942 989 1008 scio
1014 967 1142 1010 accura-

125 1035 192 1099 tius
211 1034 392 1118 inquisiuit,
416 1034 578 1118 quomodo
598 1033 724 1098 factum
743 1033 788 1096 sit
810 1035 847 1097 ut
869 1035 1023 1118 poemata
1045 1033 1142 1100 huius

127 1123 254 1208 generis
268 1123 427 1206 huiusque
443 1122 569 1187 formae
583 1122 768 1187 comoediae
782 1126 985 1206 uocarentur,
1003 1125 1037 1186 et
1056 1122 1142 1206 quod

127 1212 309 1297 exemplum
339 1215 487 1277 auctores
516 1232 628 1276 eorum
659 1211 762 1276 secuti
792 1211 867 1275 sint.
913 1210 1027 1295 Neque
1056 1211 1143 1275 enim

126 1300 299 1385 quisquam
323 1305 403 1384 puto
429 1299 604 1365 contendet
632 1320 671 1362 ex
695 1298 763 1364 suis
785 1299 927 1385 ingeniis
950 1302 1065 1385 poetas
1088 1299 1143 1364 uel

125 1389 372 1454 uersificatores·
392 1388 471 1454 illos
479 1386 505 1471 1)
537 1388 600 1452 hoc
627 1391 817 1471 poematum
850 1408 952 1473 genus
985 1389 1143 1473 hausisse,

128 1476 214 1560 quod
228 1476 389 1541 Ernestus
403 1475 633 1541 Muellenbach
647 1476 802 1540 describit
816 1473 909 1562 si02):
925 1475 944 1540 ³.
955 1525 962 1540 .
973 1525 980 1540 .
991 1477 1143 1562 elegiacis

127 1565 276 1629 uersibus
294 1567 351 1628 aut
365 1565 562 1628 comicorum
581 1563 767 1628 fabularum
782 1567 975 1648 argumenta
990 1567 1144 1629 enarrant

128 1655 186 1716 aut
209 1651 395 1715 narratione
418 1651 471 1715 hic
494 1654 527 1715 et
549 1651 618 1715 illic
643 1651 840 1735 interposita
863 1652 936 1736 ipsa
959 1673 1018 1737 per
1042 1652 1144 1716 diuer-

129 1739 218 1804 bium
243 1739 447 1804 decurrentia
466 1738 686 1804 scaenicorum
711 1739 959 1804 similitudinem
982 1740 1144 1824 quandam

125 1850 206 1914 prae
231 1849 264 1892 se
287 1826 417 1892 femnt.'

195 1916 306 1981 Plauti
325 1916 456 1981 fabulae
474 1916 540 1980 illis
557 1916 760 2001 temporibus
773 1915 874 2000 feress)
890 1916 1023 2001 ignotae
1043 1921 1145 2003 erant,

128 2007 176 2070 ita
195 2009 232 2069 ut
251 2028 306 2071 eas
329 2005 454 2071 imitari
471 2026 538 2069 non
560 2004 682 2071 liceret.
720 2003 811 2082 Quae
831 2005 859 2069 si
877 2009 976 2070 notae
995 2005 1145 2091 fuissent,

128 2093 290 2179 quomodo
314 2094 462 2178 exemplo
485 2092 607 2158 fuerint
629 2092 773 2179 futurae,
796 2093 949 2159 discimus
974 2115 1014 2158 ex
1037 2092 1145 2178 ‘Poly-

122 2181 223 2248 xena'
238 2181 405 2248 comoedia
419 2203 502 2266 quae
517 2181 718 2247 aLecnardo
729 2182 840 2247 Bruno
850 2179 1005 2247 Arretino
1021 2182 1144 2268 scripta

127 2275 186 2356 est,
209 2294 283 2337 cum
302 2269 478 2336 Sarsinatis
503 2292 602 2354 opera
626 2270 731 2335 denuo
754 2270 889 2334 inuenta
908 2271 1053 2336 omnium
1072 2271 1144 2336 doc·

128 2364 235 2425 torum
258 2360 430 2424 hominum
453 2359 580 2424 animos
604 2362 637 2423 et
661 2359 772 2423 oculos
796 2358 831 2421 in
852 2379 886 2422 se
906 2362 1143 2424 conuerterant.

128 2447 271 2514 Terentii
285 2447 469 2513 comoedias
484 2447 616 2513 imitata
630 2450 682 2512 est
697 2446 933 2530 quodammodo
947 2445 1145 2512 Hrotsuitha

131 2532 458 2620 Gandeshemensiff)
476 2557 592 2620 prorsa
611 2535 771 2619 oratione,
791 2535 867 2620 quia
885 2557 999 2601 uersus
1018 2537 1145 2620 comici,

130 2645 211 2707 quos
234 2647 275 2690 ne
294 2647 355 2690 nos
379 2624 510 2708 quidem
532 2625 630 2710 plane
653 2623 882 2709 perspicimus,
904 2625 962 2690 illo
987 2647 1067 2690 aeuo
1086 2626 1145 2690 mi·

127 2713 215 2778 nime
238 2713 529 2796 intellegebantur.
565 2712 719 2778 Ouidium
742 2713 844 2798 igitur
861 2713 984 2778 imitati
1003 2735 1074 2780 essa
1093 2714 1145 2779 de·

131 2800 209 2865 bent
231 2801 267 2865 hi
289 2802 428 2887 poetae?
466 2798 633 2886 Ouidium,
656 2823 759 2886 aquo
784 2802 862 2886 quin
881 2802 1056 2886 elegiacam
1080 2802 1144 2868 for-

201 2994 227 3062 1)
253 2991 335 3047 Kuno
358 2991 499 3074 Francke,
525 2993 580 3048 Zur
605 2992 705 3048 Gesch.
730 2992 757 3046 d.
775 2991 826 3048 lat.
846 2991 1026 3074 Schulpocsie
1049 3009 1076 3061 p.
1096 2997 1143 3048 222

136 3063 213 3146 ‘llan
232 3064 337 3118 konnte
356 3064 485 3160 wprklieh
500 3065 593 3121 Neues
608 3063 689 3120 nieht
702 3063 839 3134 scheller,
858 3064 945 3119 daher
962 3061 1063 3162 spielte
1078 3081 1145 3119 man

131 3138 185 3190 nul
202 3135 410 3276 didodsteeleg.
430 3223 457 3275 p.
476 3210 502 3263 5.
860 3258 863 3265 .

170 3345 176 3358 ι
201 3281 228 3346 3)
246 3292 312 3347 pars
322 3275 407 3358 'enim
425 3277 455 3331 et
469 3293 486 3331 a
504 3273 627 3331 librariis
646 3279 805 3359 propagata
818 3278 863 3359 est
877 3277 907 3330 et
921 3291 938 3329 a
951 3276 1146 3345 grammaticis

130 3343 1195 3545 imprecatura

125 3488 176 3543 dor

245 3509 276 3562 r·
289 3489 382 3564 flea)
