2430 3832
523 151 641 207 CAPVT
659 152 693 210 V.
1071 153 1114 217 47

192 339 265 382 oum
286 338 353 381 non
379 315 641 400 intellegeretur,
668 314 880 400 factumest,
907 321 945 382 ut
968 318 1115 383 eodieunr

192 405 337 470 omnium
361 403 546 469 coniectura
570 406 716 469 oreretur
738 403 861 469 collato
884 427 981 470 uersu
1007 407 1079 472 148.

145 518 175 559 u.
195 494 274 559 212:
297 515 356 577 pro
378 491 452 557 ‘me'
472 491 669 576 praeferrem
688 491 754 576 ‘te',
772 493 849 576 quia
868 492 1049 560 subiectum
1068 496 1115 560 in-

189 582 310 647 finitiui
332 581 437 666 magis
461 580 662 646 desideratur
685 602 781 665 quam
806 582 975 647 obiectum.

146 695 175 737 u.
195 672 274 737 217:
307 670 435 735 dubites
462 673 572 734 utrum
601 668 698 735 ‘bene
725 674 759 736 te
787 693 868 754 puer
895 672 950 736 ille
977 670 1115 756 recepit'

191 759 387 824 affirmantis
407 758 508 822 sitan
527 758 771 844 interrogantis.
809 759 892 825 Mihi
906 763 1015 825 autem
1034 758 1116 825 illud

191 849 307 914 melius
331 847 462 912 uidetur
485 868 583 931 quam
605 846 668 912 hoe
692 846 912 932 subaudioque
936 847 1087 913 ‘saltemi

145 960 177 1004 u.
195 937 275 1003 221:
304 936 427 1020 accipio
455 956 585 1000 uersum
612 935 648 999 in
671 933 701 1000 V
726 941 904 1021 seruatum,
931 937 1007 1021 quia
1033 936 1116 1002 illud

193 1025 287 1111 ‘ipse’
305 1026 387 1090 bene
410 1027 584 1109 praeparat
605 1045 737 1089 uersum
762 1025 818 1109 qui
842 1026 996 1110 sequitur,
1020 1047 1115 1110 quem

190 1114 368 1180 Buecheler
384 1113 431 1177 sie
449 1112 698 1196 interpretatur:
722 1113 870 1178 callidior
888 1113 1032 1197 fuissem,
1051 1114 1115 1178 oal-

191 1203 288 1268 lidius
312 1205 346 1267 et
369 1200 509 1267 astutius
532 1205 640 1265 tecum
664 1202 811 1286 egissem.
856 1200 970 1267 Vlixes
994 1201 1115 1267 eallidi-

190 1292 269 1356 tatir
293 1291 471 1374 exemplar,
497 1287 700 1354 ‘recitasset'
722 1290 789 1355 fere
812 1291 846 1355 id
866 1292 952 1375 quod
970 1289 1116 1375 ‘respon-

193 1380 307 1460 disset,
331 1377 486 1443 dixisset'.

147 1492 176 1534 u.
196 1469 287 1533 230⁸:
310 1488 434 1551 uersus,
453 1465 505 1530 eui
522 1467 614 1532 loeus
636 1466 690 1531 hie
708 1489 775 1533 non
794 1470 853 1553 est,
877 1467 1041 1534 eonfeotus
1065 1472 1116 1534 est

192 1556 367 1621 seeundum
389 1578 420 1619 u.
438 1554 512 1619 246.

38 1635 40 1640 ⁵
146 1667 176 1712 u.
195 1645 275 1710 232:
303 1642 386 1709 ‘est'
410 1643 495 1728 quod
518 1640 591 1707 HM
613 1645 689 1726 post
712 1642 861 1708 ‘melius'
884 1645 1056 1730 praebent,
1078 1647 1115 1709 ut

190 1733 325 1799 tolerari
342 1736 468 1816 posset,
485 1730 761 1816 pronuntiandum
781 1735 867 1796 esset
885 1731 1038 1798 ‘meliust’
1057 1755 1115 1817 per

193 1821 375 1903 elisionem,
404 1842 502 1937 guam
530 1819 605 1885 huie
632 1820 777 1904 poemati
804 1841 871 1885 non
895 1822 1047 1905 eonced03
1075 1821 1114 1887 of.

215 1911 283 1977 ‚39
308 1932 387 1975 su.
422 1907 492 1973 est’.

147 2022 175 2064 u.
191 1933 274 2066 1iiiii:
297 1997 421 2082 sumpsi
444 1997 616 2063 lectionem
636 1995 708 2061 HM
730 1996 903 2083 librorum,
926 1997 967 2063 ad
991 2002 1117 2064 senten-

192 2089 274 2153 tiam
298 2087 337 2152 ef.
359 2087 472 2153 Horat.
497 2108 596 2151 earm.
618 2084 652 2150 II
676 2085 781 2152 5init.

146 2199 177 2242 u.
195 2177 275 2244 260:
302 2197 433 2241 uersum
457 2197 509 2240 me
532 2197 599 2240 non
621 2175 809 2261 intellegere
833 2175 980 2242 concedo.
1017 2173 1115 2261 (Bue

191 2265 313 2330 oheler:
336 2285 451 2329 uersus
474 2263 521 2328 nil
545 2263 634 2329 aliud
656 2264 786 2330 uidetur
802 2265 889 2328 uelle
913 2286 1010 2348 quam
1029 2264 1116 2348 quod

191 2377 221 2420 u.
240 2352 322 2438 2593
345 2353 392 2417 ibi
416 2374 454 2418 ex
477 2352 569 2437 pueri
591 2374 732 2437 persona
756 2350 848 2416 ‘uelit
869 2352 965 2436 nolit,
988 2352 1044 2415 ille
1063 2373 1115 2416 me

190 2440 337 2521 tenebit,
360 2441 413 2508 hie
437 2463 476 2506 ex
498 2442 625 2527 puellae
649 2440 729 2505 ‘siue
747 2440 855 2523 placet
876 2440 944 2504 siue
962 2460 1029 2503 non
1045 2440 1116 2523 pla-

192 2534 256 2615 cet,
278 2531 373 2595 illum
398 2551 459 2615 ego
482 2527 629 2614 tenebo')

147 2641 177 2685 u.
196 2620 276 2686 276:
296 2618 467 2704 ‘Purpura'
482 2617 719 2703 neglegendum
732 2639 799 2684 non
814 2638 883 2682 esse
899 2615 983 2701 duxi,
1002 2637 1116 2701 quem-

192 2730 290 2795 quam
316 2708 413 2773 huius
446 2729 524 2772 usus
552 2703 652 2792 (plur.
679 2703 793 2794 aeulr.)
821 2706 1003 2790 exemplum
1034 2705 1114 2770 mihi

192 2799 326 2882 praesto
347 2817 414 2861 non
438 2798 502 2879 est3
526 2817 568 2859 an
592 2794 633 2861 ‘si
652 2794 727 2880 qut'
746 2797 865 2861 uiliose
888 2797 1115 2880 scriptumest

192 2906 252 2969 pro
276 2883 315 2949 ‘si
335 2882 444 2969 quam'
463 2887 521 2950 aut
539 2883 579 2948 ‘si
599 2883 696 2968 que’?
728 2883 760 2949 V
779 2884 896 2950 oodiois
915 2886 950 2949 in
967 2884 1115 2949 membro

194 2972 297 3038 altero
320 2972 418 3040 lectio
440 2973 476 3038 in
500 2973 612 3038 schola
636 2975 709 3038 orta
732 2994 801 3037 esse
824 2972 963 3037 uidetur.
