2430 3832
521 982 656 1063 caput
682 983 752 1049 IV.

263 1135 316 1201 De
339 1136 452 1200 rebus
477 1133 653 1199 metricis
677 1137 713 1198 et
738 1134 1013 1220 grammaticis.

217 1295 384 1360 Adstriota
412 1297 462 1358 est
489 1293 656 1360 comoedia
683 1294 880 1359 hexametris
910 1294 965 1378 qui
992 1294 1143 1360 dicuntur

128 1385 265 1467 leonini,
297 1384 330 1448 in
359 1383 474 1466 quibus
501 1382 578 1447 finis
606 1403 719 1447 uersus
747 1386 880 1448 assonat
908 1383 947 1447 ad
976 1404 1142 1448 eaesuram

131 1470 405 1555 semiquinariam.
450 1468 541 1535 Haeo
565 1471 745 1554 assonatio,
772 1471 862 1536 ouius
891 1470 1033 1554 origines
1057 1472 1143 1555 apud

132 1560 308 1642 scriptores
331 1561 458 1622 ueteres
481 1557 644 1642 uidemus,
666 1557 772 1622 medio
792 1581 872 1624 aeuo
893 1580 912 1622 a
930 1558 1021 1623 rimis
1045 1559 1142 1623 lenis-

131 1647 221 1712 simis
244 1645 404 1730 prooessit
424 1645 464 1710 ad
487 1645 667 1730 bisyllabos
689 1666 800 1731 puros,
822 1650 950 1730 praeter
969 1668 1050 1729 quos
1068 1646 1142 1712 indo

131 1758 150 1800 a
174 1734 302 1800 saeculo
326 1732 392 1798 XII
420 1733 478 1798 alii
506 1754 572 1798 non
600 1732 824 1809 adhibentur„
849 1732 1007 1799 Nostrum
1035 1738 1143 1800 autem

132 1844 262 1889 carmen
280 1843 347 1889 non
366 1823 472 1888 solum
490 1822 561 1887 ideo
582 1823 811 1888 obseruatione
830 1822 1037 1909 dignumst,
1056 1824 1142 1908 quod

129 1911 271 1978 medium
300 1911 368 1977 fere
395 1913 503 1977 losum
531 1915 621 1976 tenet
647 1911 733 1988 inter
759 1910 917 1977 rimorum
945 1913 1142 1996 monosylla-

129 2003 246 2066 borum
271 2004 304 2065 et
327 2000 564 2085 bisyllaborum
587 2001 746 2086 earmina,
773 2001 828 2066 sed
857 2001 956 2067 etiam
981 2001 1067 2086 quod
1089 2023 1142 2066 ue-

130 2090 230 2175 stigia
259 2089 402 2155 seruauit
429 2089 525 2154 huius
553 2110 756 2174 progressus.
800 2089 892 2155 Inter
919 2090 1027 2155 uarias
1055 2090 1141 2154 enim

128 2178 284 2243 lectiones
311 2178 488 2243 nonnullae
516 2180 594 2244 sunt
621 2178 739 2262 quibus
767 2178 933 2243 assonatio
961 2200 999 2242 ex
1030 2199 1140 2242 mono-

128 2266 257 2351 syllaba
274 2265 334 2330 fiat
351 2266 526 2350 bisyllaba,
545 2266 636 2332 ouius
655 2267 702 2330 rei
717 2266 876 2351 optimum
892 2270 942 2330 est
955 2265 1140 2348 exemplum

127 2379 156 2419 ιι.
184 2355 256 2438 190,
278 2354 336 2419 ubi
358 2357 392 2419 in
414 2354 446 2420 V
468 2376 526 2439 pro
550 2353 650 2419 ‘uere’
674 2354 834 2437 seriptum
858 2356 908 2418 est
930 2352 1050 2436 ‘eerte'‚
1073 2353 1140 2418 sine

127 2443 225 2508 dubio
258 2446 296 2508 ut
328 2446 459 2507 assonet
489 2442 530 2507 ad
563 2441 715 2526 ‘aperte',
747 2445 860 2507 eontra
891 2441 926 2506 in
953 2438 1052 2506 BEX
1079 2462 1139 2526 pro

127 2530 271 2617 ‘aperte’
299 2531 420 2614 legitur
447 2529 599 2594 ‘habere'
628 2551 786 2595 assonans
813 2531 852 2595 ad
877 2529 992 2596 ‘neret
1037 2528 1139 2596 Plane

126 2620 212 2685 idem
235 2618 360 2684 factum
383 2623 433 2682 est
455 2619 491 2683 in
512 2641 543 2684 ιι.
562 2618 628 2683 265
646 2619 680 2682 in
699 2617 846 2698 BEVX,
870 2620 926 2704 qui
945 2617 1055 2697 ‘certe’
1077 2640 1138 2703 pro

127 2707 226 2792 ‘quod
245 2705 291 2771 te'
315 2711 494 2790 posuerunt
513 2706 729 2773 assimilatum
747 2707 788 2772 ad
808 2706 952 2794 ‘aperte’,
974 2707 1008 2772 in
1027 2731 1057 2772 ιι.
1072 2708 1138 2774 272

126 2797 159 2861 in
178 2793 407 2860 BEHMWX
430 2817 490 2880 pro
510 2794 700 2882 ‘grandem
723 2796 809 2882 quod
828 2798 916 2862 solus
934 2794 967 2860 V
985 2796 1139 2880 seruauit,

125 2883 247 2970 legitur
266 2882 398 2949 ‘talem'.
436 2883 490 2950 Sic
508 2884 688 2972 intelleges,
707 2885 870 2970 quomodo
885 2889 959 2950 orta
977 2886 1021 2949 sit
1039 2884 1137 2948 libro·

124 2996 196 3040 rum
221 2972 365 3038 omnium
388 2974 573 3057 corruptela
596 2972 741 3057 ‘periret'
764 2973 799 3038 in
823 2997 852 3038 ιι.
874 2973 947 3057 161,
970 2973 1016 3036 sio
1040 2971 1138 3057 expli-

125 3067 218 3129 catur
244 3063 361 3127 insana
388 3061 445 3127 illa
472 3061 569 3127 lectio
598 3061 715 3127 codicis
739 3061 771 3127 V
793 3061 828 3126 in
851 3084 882 3126 ιι.
907 3060 971 3126 143
995 3059 1137 3126 ‘crescis'

123 3174 184 3237 pro
204 3149 355 3217 ‘transit'.
391 3148 544 3216 Fortasse
563 3153 672 3215 autern
690 3149 742 3215 his
761 3148 974 3216 consideratis
991 3151 1137 3234 praestat

125 3240 264 3306 seribere
291 3241 328 3304 in
354 3261 384 3305 ιι.
407 3239 472 3304 273
500 3236 673 3323 ‘paratus'‚
703 3238 789 3322 quod
816 3241 981 3304 seruatum
1008 3237 1043 3300 in
1069 3234 1135 3301 EX

124 3328 240 3394 melius
273 3327 482 3413 coniungitur
514 3348 588 3392 oum
615 3326 673 3392 ‘ad
701 3325 811 3393 omne'
847 3348 952 3412 onam
971 3323 1159 3406 ‘aentoni-

123 3414 207 3480 ltem
238 3416 381 3483 fortasse
412 3415 447 3481 in
480 3439 511 3485 u.
545 3415 588 3484 89
624 3417 837 3486 deteriorum
861 3415 1046 3541 liorem}
1066 3398 1184 3463 &2an

990 3516 1014 3563 a
