2430 3832
83 191 127 254 44
152 189 429 247 PROLEGOMENA
443 189 493 243 AD
509 186 726 245 COMOEDIAM
739 186 788 242 DE
803 186 942 243 NVNTIO
957 186 1096 245 SAGACI.

173 374 305 436 nequeo.
350 350 436 417 Nam
461 352 546 437 quod
569 349 766 434 Proserpina
793 351 828 415 in
852 349 977 437 Stygiis
1000 353 1098 418 undis

173 441 286 524 fertur,
304 441 378 505 inde
393 463 432 504 ne
452 439 617 506 tantillum
634 440 763 524 quidem
779 439 883 504 elucet
896 439 996 505 etiarn
1010 441 1098 506 hanc

173 553 193 594 a
223 531 338 594 iuuene
367 529 481 594 Amori
508 528 688 594 subiectam
721 550 805 611 esse,
836 532 869 592 et
898 550 1097 613 quamquam

174 618 287 683 statim
302 618 448 701 sequitur
462 617 533 681 ‘nec
542 616 613 681 uult
623 617 715 681 salua
728 614 821 701 fore',
834 619 942 681 tamen
953 619 1098 704 postule,

174 710 211 771 ut
225 706 291 770 iam
304 705 340 769 in
353 705 462 790 priore
477 705 637 770 enuntiati
650 704 796 770 membro
810 703 872 769 hoc
887 705 1097 789 exprimatur.

173 793 325 878 Propone
352 794 468 879 igitur:
496 792 654 877 ‘Respicit
680 795 717 858 ut
744 791 876 879 Stygias
899 793 1098 879 Proserpina

173 882 277 947 fertur
291 881 332 946 ad
346 882 472 968 undas'‚
485 885 522 947 ut
537 882 652 948 similis
666 882 726 947 fiat
740 881 903 946 sententia
916 883 1025 957 uersui
1042 884 1098 948 18:

174 969 331 1056 ‘Profugu
353 974 459 1036 cessat
480 969 539 1036 Ιο’.
584 968 790 1055 (Buechelerr
814 969 1023 1055 cogitandum
1047 976 1099 1036 est

175 1059 252 1143 quid
268 1059 333 1124 ista
349 1062 437 1124 aetas
453 1062 485 1124 et
500 1058 635 1124 ecclesia
654 1058 791 1124 senserit
810 1058 848 1122 de
863 1055 987 1143 Stygiis
1002 1059 1098 1125 undis

175 1148 270 1212 simil.
298 1146 366 1213 ‘sie
384 1147 429 1212 ist
447 1147 483 1211 in
506 1148 562 1212 der
580 1146 677 1212 Hblle
695 1147 761 1212 und
776 1146 843 1212 will
861 1145 953 1211 nicht
972 1148 1098 1233 gesund

175 1236 253 1321 sein,
276 1257 370 1300 wenn
392 1235 484 1301 nicht
505 1280 515 1300 .
538 1285 545 1301 .
569 1234 604 1321 .')

130 1345 159 1387 u.
179 1323 236 1389 39:
260 1324 369 1389 confer
386 1322 577 1388 Maximiani
596 1324 676 1410 eleg.
694 1324 711 1389 Ι
729 1347 759 1390 ιι.
778 1324 834 1390 95:
854 1322 970 1409 ‘Nigra
988 1345 1099 1407 super·

175 1412 265 1492 cilia,
289 1411 379 1477 frons
403 1413 520 1497 libera,
543 1413 668 1478 lumina
690 1411 807 1498 nigra?

130 1524 160 1566 u.
185 1501 241 1566 67:
270 1499 369 1566 ‘silet'
392 1501 509 1587 scripsi
533 1524 571 1566 ex
595 1502 794 1587 coniectura,
821 1501 897 1585 quia
919 1501 994 1566 inde
1017 1501 1098 1568 mihi

174 1591 322 1674 persuasi
349 1588 459 1656 ‘licet'
486 1591 568 1655 illud
595 1591 793 1656 recensionis
826 1589 995 1655 deterioris
1029 1611 1098 1656 cor-

174 1683 308 1764 ruptum
332 1701 411 1764 esse,
434 1679 546 1746 ‘tacet'
570 1682 679 1745 autem
698 1701 736 1744 ex
754 1679 1045 1762 interpretamento
1063 1680 1100 1744 in

162 1771 302 1834 textum
325 1768 509 1853 irrepsisse,
531 1769 622 1834 cuius
645 1769 849 1834 coniecturae
871 1767 1099 1835 fulcimentum

175 1856 280 1923 habeo
299 1879 374 1923 enm
391 1879 536 1943 uersum,
555 1857 664 1942 quiin
681 1856 726 1922 W
746 1854 794 1943 (et
811 1853 856 1940 X)
876 1855 950 1921 dein
968 1856 1099 1942 legitur.

130 1966 159 2007 u.
181 1945 236 2009 75:
260 1945 346 2010 hunc
363 1967 510 2030 uersum,
529 1946 585 2030 qui
603 1948 732 2011 tantum
751 1946 787 2011 in
805 1943 850 2009 W
869 1948 901 2009 et
919 1943 951 2010 X
969 1945 1099 2032 legitur,

176 2031 248 2097 ideo
267 2033 301 2096 in
320 2036 446 2098 textum
464 2054 647 2116 receperam
667 2033 753 2118 quod
771 2034 818 2098 sic
836 2054 950 2098 uersus
965 2055 1098 2117 sequen·

174 2120 219 2185 tis
234 2119 303 2185 ‘its'
323 2121 439 2186 melius
456 2121 667 2206 intellegitur.
699 2119 763 2186 Sed
779 2126 891 2187 monet
906 2120 1099 2187 Buechelerr

175 2208 270 2274 ualde
299 2214 468 2294 suspectus
497 2213 614 2294 utpote
641 2209 819 2275 abhorrens
848 2231 866 2274 a
894 2213 1010 2294 poetae
1036 2212 1098 2276 ele·

175 2297 289 2384 gantia
315 2298 351 2362 in
375 2296 513 2383 pedibus
536 2302 653 2384 quarto
678 2299 854 2384 quintoque
876 2324 947 2358 m
980 2302 985 2380 Ι
1018 2296 1099 2384 ovl3

176 2387 288 2453 debuit
311 2409 380 2454 esse
404 2386 561 2454 ‘fortasse
583 2392 694 2453 tamen
719 2387 802 2453 bene
824 2385 972 2471 prodest'
1001 2387 1099 2453 simil.

177 2500 207 2542 n.
221 2478 262 2543 37
278 2499 351 2541 eum
365 2477 495 2563 dactylo
517 2503 615 2537 roei
631 2473 635 2564 l
650 2508 696 2536 oo
715 2479 720 2557 1
741 2477 880 2544 decurrit
893 2475 1099 2542 modulatior.

176 2601 219 2610 -
244 2563 304 2628 Oui
328 2567 509 2631 sententiae
531 2587 616 2630 nunc
640 2565 810 2632 assentior.

132 2673 161 2716 u.
182 2651 251 2714 84⁸:
269 2650 355 2716 hunc
369 2674 500 2717 uersum
519 2653 547 2717 si
566 2675 640 2718 cum
657 2653 752 2719 libris
771 2676 869 2719 manu
884 2653 1016 2737 scriptis
1030 2674 1098 2718 om·

175 2736 273 2802 nibus
298 2740 460 2823 omiseris,
484 2740 601 2805 melius
625 2741 799 2825 quadrabit
821 2765 851 2808 u.
875 2741 916 2809 85
941 2740 1054 2827 ‘ergo’.

131 2848 161 2891 u.
181 2826 249 2980 glil
266 2825 406 3001 fprtasse
429 2829 547 2894 rectius
575 2829 729 2896 inciditur
751 2836 828 2915 post
851 2829 977 2896 ‘omne’
1002 2827 1098 2916 (Bue-

175 2937 193 2980 0
218 2937 309 2981 θθΥ.
373 2956 384 2982 e

131 3027 161 3070 n.
181 3004 238 3070 89:
263 3027 459 3090 quamquam
474 3006 572 3073 etiam
588 3029 627 3071 ea
646 3028 727 3090 quae
746 3007 781 3074 in
798 3006 831 3071 H
846 3010 879 3072 et
892 3005 927 3072 M
944 3006 1100 3092 leguntur

174 3094 299 3159 bonum
325 3095 482 3178 praebent
509 3117 653 3181 sensum,
679 3099 790 3160 tamen
818 3118 857 3161 ex
884 3094 1099 3162 deterioribus

175 3182 271 3248 libris
294 3181 401 3248 ‘facie'
422 3184 571 3268 praetuli,
595 3184 680 3269 quod
699 3183 803 3250 ‘satis'
823 3189 856 3251 et
874 3183 993 3250 ‘facile'
1012 3183 1100 3249 idem

174 3269 243 3337 fere
267 3272 308 3336 ad
332 3272 526 3337 sententiam
550 3273 660 3339 ualere
682 3277 771 3358 puto.
818 3272 989 3361 Significat
1012 3274 1100 3338 enim

177 3357 283 3425 ‘satis'
298 3361 384 3425 idem
399 3360 484 3444 quod
495 3359 582 3444 ‘fera
596 3362 853 3448 propemodum',
866 3363 905 3428 cf.
915 3359 1101 3446 ‘Ducange

71 3504 74 3508 .
142 3445 325 3609 potimur,
351 3448 399 3514 ed.
417 3470 506 3516 noua
525 3453 620 3516 aucta
643 3473 663 3516 a
682 3449 780 3535 Leop.
799 3450 916 3518 Favre'
935 3453 1016 3518 tom.
1033 3448 1099 3514 VII
