2430 3832
517 774 651 854 caput
678 774 725 842 V.

281 925 456 992 Adnotat
417 926 497 991 atio
522 926 663 992 critica
687 928 724 990 et
747 931 884 1013 eroget
889 927 956 992 ica.

199 1087 362 1164 Quoniam
388 1084 540 1171 Hugonis
567 1085 827 1171 Trimbergensis
854 1087 1044 1153 testimonio
1073 1111 1124 1154 co-

109 1176 272 1242 moediam
295 1177 442 1240 nostram
464 1175 500 1239 in
520 1173 639 1240 scholis
658 1174 737 1240 olim
760 1178 935 1242 tractatam
959 1199 1029 1243 esse
1052 1200 1125 1243 con-

109 1268 191 1349 stat,
213 1264 270 1330 uix
293 1263 456 1348 quispiam
475 1262 662 1346 mirabitur,
685 1264 771 1349 quod
794 1265 878 1331 tales
901 1266 936 1330 in
958 1266 1053 1331 libris
1071 1289 1123 1332 ex-

109 1356 200 1420 stant
224 1352 476 1437 discrepantiae,
500 1355 537 1417 ut
560 1352 710 1437 equidem
733 1355 885 1420 omnibus
909 1354 989 1421 locis
1014 1377 1124 1421 ueram

107 1442 284 1508 lectionem
312 1441 435 1506 eruisse
463 1441 542 1506 mihi
568 1463 635 1506 non
662 1441 782 1507 uidear.
828 1441 915 1508 Nam
943 1466 1018 1509 cum
1043 1445 1124 1509 haec

108 1531 208 1597 medii
235 1530 308 1597 aeui
340 1532 550 1595 monumenta
578 1530 681 1594 multo
709 1530 833 1595 minore
863 1553 936 1596 cum
964 1532 1123 1616 religione

108 1641 207 1705 quam
231 1623 378 1684 ueterum
405 1621 462 1683 aut
486 1618 781 1684 ecclesiasticorum
805 1620 1001 1703 scriptorum
1024 1642 1123 1705 opera

108 1708 245 1775 tractari
268 1708 412 1773 solerent
435 1711 468 1772 et
491 1706 599 1772 abeis
624 1706 679 1790 qui
698 1707 824 1772 codices
848 1708 1124 1791 transcripserunt

65 1854 69 1865 ,
107 1799 143 1862 ct
165 1819 185 1863 a
208 1797 392 1883 magistris,
415 1797 472 1880 qui
495 1796 531 1859 in
549 1795 670 1860 scholis
689 1799 842 1879 poemata
861 1796 1029 1880 discipulis
1047 1819 1122 1883 pro·

107 1885 290 1970 ponebant,
316 1884 440 1949 factum
467 1888 519 1949 est
543 1888 578 1950 ut
602 1883 796 1970 quibusdam
824 1885 904 1951 locis
927 1908 1032 1951 nouus
1055 1887 1122 1952 fere

108 1976 219 2040 textus
251 1977 447 2039 exorerctur.
495 1973 609 2039 Nouos
642 1973 729 2038 enim
762 1996 875 2040 uersus
907 1975 1123 2059 inseruerunt,

108 2063 211 2129 rimos
244 2061 463 2127 accuratiores
495 2062 717 2144 reddiderunt,
753 2085 867 2129 uersus
900 2086 981 2148 quos
1015 2065 1123 2130 minus

107 2151 345 2237 intellegebant
369 2153 426 2215 aut
449 2172 515 2215 non
534 2151 615 2215 satis
634 2151 716 2215 bene
735 2173 904 2237 expressos
925 2174 995 2217 esse
1014 2153 1123 2218 existi-

108 2239 243 2305 mabant
261 2241 485 2318 mutauerunt,
507 2239 556 2304 ita
574 2241 612 2303 ut
629 2240 897 2323 acquiescendum
916 2240 960 2304 sit
978 2240 1013 2305 in
1032 2242 1123 2306 resti·

108 2328 228 2394 tuendo
248 2327 405 2413 carmine,
429 2327 524 2413 quale
542 2327 611 2393 fere
635 2326 806 2412 legebatur
827 2326 978 2412 Hugonis
998 2332 1122 2413 tempo·

108 2417 208 2482 ribus.
249 2415 321 2492 Qua
334 2417 370 2481 in
382 2439 418 2482 re
438 2439 502 2501 qua
520 2416 646 2482 ratione
665 2437 742 2480 usus
758 2415 819 2500 sim
838 2416 867 2480 si
885 2416 1122 2483 difficilioribus

108 2505 275 2571 nonnullis
298 2506 380 2570 locis
404 2505 577 2590 explicem,
605 2526 738 2589 operam
758 2526 808 2569 me
835 2527 902 2570 non
920 2505 1027 2589 perdit
1028 2528 1122 2573 urum

107 2594 211 2660 credo.

154 2705 183 2748 ιι.
206 2684 241 2748 2:
255 2679 403 2748 fortasse
427 2704 465 2746 ex
484 2645 556 2746 ΗΜ
579 2682 673 2747 libris
697 2703 774 2747 sane
799 2639 990 2768 optimiset
1007 2683 1120 2786 liugo-

108 2804 110 2809 v
196 2771 249 2836 nis
267 2771 409 2857 registro
427 2771 674 2856 praeferendum
692 2774 742 2835 est
765 2769 947 2856 posuisse,
971 2773 1046 2857 quia
1064 2774 1123 2837 mi-

198 2882 261 2925 nus
280 2860 384 2925 simile
403 2860 473 2924 ueri
491 2863 542 2924 est
559 2882 620 2944 pro
640 2860 780 2946 genuino
800 2859 938 2926 ‘fecisse'
952 2861 1123 2945 repudiata

199 2948 386 3015 assonantia
404 2948 573 3033 irrepsisse
588 2947 768 3033 ‘posuisse’,
787 2950 843 3014 sed
858 2949 920 3014 hoc
935 2971 1008 3013 cum
1023 2950 1121 3034 scrip·
1149 2988 1153 2994 ·

198 3042 268 3102 tum
296 3040 394 3119 esset,
427 3036 523 3103 facile
550 3040 679 3121 poterat
707 3037 778 3102 fieri
810 3041 846 3102 ut
878 3040 1059 3103 mutaretur
1088 3039 1123 3102 in

198 3124 338 3191 ‘fecisse'
358 3125 398 3190 ad
417 3125 664 3191 consonantiam
683 3147 758 3190 cum
777 3124 906 3206 ‘finem’
926 3128 960 3190 et
978 3125 1122 3208 ‘futuris’

198 3213 414 3297 efficiendam3
435 3213 474 3279 ef.
489 3236 519 3279 u.
536 3215 613 3280 168:
632 3213 720 3278 ‘uolo
739 3214 837 3278 finem
856 3236 975 3300 ponere
990 3213 1122 3280 uerbis'.

153 3327 184 3370 u.
196 3305 251 3369 12:
267 3325 326 3386 pro
342 3301 443 3367 ‘solus
457 3301 526 3367 tua'
537 3304 762 3386 exspectamus
779 3301 853 3368 ‘soli
868 3302 939 3368 tibi'
955 3303 1020 3368 tale
1036 3303 1122 3387 quid,

198 3391 255 3457 sed
278 3394 392 3457 contra
415 3391 517 3458 libros
541 3412 657 3458 omnes
678 3394 812 3456 mutare
832 3413 940 3456 ausus
956 3412 1039 3452 aaa
1053 3409 1150 3447 sum.
1193 3421 1195 3426 .

149 3503 177 3546 u
199 3480 258 3547 23:
289 3480 379 3551 hunc
414 3506 556 3554 uersum
586 3486 682 3554 recte
714 3480 892 3548 traditum
923 3494 1004 3537 esse
1035 3467 1180 3531 seeum
