2430 3832
481 165 701 222 PRAEFATIO.

321 329 340 393 ³.
355 379 362 392 .
377 377 384 393 .
399 381 406 394 .
420 328 485 393 Res
510 330 633 394 comica
654 351 794 414 namque
817 333 945 395 recusat

183 418 264 482 Arte
288 418 454 484 laboratos
480 440 657 502 sermones,
681 421 752 484 sola
775 418 911 503 requirit

181 506 296 591 Plana,
317 507 402 591 quod
422 508 576 591 explanat
595 508 705 593 paucis
724 529 776 572 res
794 508 859 572 ista
877 505 998 572 iocosa'

84 599 209 662 elucere
233 594 402 661 contendit
424 597 532 680 ipsum
552 599 717 662 auctorem
740 596 802 661 hoc
821 617 953 661 carmen
970 617 1097 661 comoe-

85 686 172 750 diam
192 684 351 768 appellari
368 685 522 768 uoluisse,
541 707 668 750 mecum
686 685 855 764 refutabis‚
874 685 950 770 quia
968 683 1030 748 ‘res
1046 706 1097 749 co·

85 774 180 838 mica'
197 772 260 838 ‘res
279 772 400 838 iocosa'
419 795 487 838 non
505 772 590 838 idem
605 774 769 858 significat
783 777 880 859 atque
896 772 1097 838 ‘comoedia'.

86 861 149 928 Sed
173 862 247 946 quia
270 883 337 926 non
361 883 400 926 ex
423 884 574 927 uersuum
597 884 732 928 numero
756 862 812 927 sed
831 884 870 926 ex
893 882 1010 947 genere
1033 862 1098 927 for·

82 972 201 1034 maque
233 950 362 1035 poetica
391 954 583 1034 argumenta
616 951 759 1016 ducenda
787 955 875 1035 sunt,
908 952 1009 1016 etiam
1035 950 1097 1016 hos

85 1060 205 1124 paucos
229 1060 342 1112 uersus
365 1039 427 1105 hoo
450 1039 581 1104 nomine
606 1041 771 1125 appellare
795 1061 892 1105 ausus
916 1037 1029 1125 sum.¹)

80 1170 82 1174 »
175 1127 369 1211 Separatum
397 1128 500 1213 igitur
531 1129 689 1194 habemus
718 1128 956 1194 comoediarum
987 1147 1097 1212 genus.

82 1214 224 1292 Quodsi
244 1216 464 1302 statuerimus,
482 1217 548 1282 iam
566 1239 634 1282 non
652 1217 775 1282 frustra
798 1238 990 1302 quaeremus
1010 1216 1097 1301 apud
1168 1243 1172 1249 ·

83 1309 231 1371 auctores
250 1310 376 1371 ueteres
395 1307 589 1392 exemplum.
618 1305 750 1371 Horatii
767 1306 852 1371 enim
867 1305 995 1390 satirae,
1015 1326 1096 1389 quas

83 1393 153 1478 ipse
187 1416 351 1460 sermones
379 1397 524 1479 uocauit,
555 1395 590 1459 id
617 1395 799 1479 exemplum
827 1394 984 1479 praebent
1011 1394 1098 1478 quod

83 1481 179 1546 huius
199 1483 327 1568 generis
347 1487 495 1549 auctores
511 1487 638 1550 secutos
653 1505 724 1549 esse
739 1484 818 1549 mihi
832 1483 987 1568 persuasi.
1016 1479 1098 1547 (lon-

83 1571 252 1654 templeris
276 1572 362 1636 enim
384 1573 462 1637 libri
480 1571 497 1636 I
519 1576 577 1638 sat
597 1573 628 1636 9.
668 1571 792 1638 Narrat
810 1572 857 1636 ibi
875 1575 974 1656 poeta
993 1571 1034 1635 ad
1054 1592 1097 1655 se,

84 1679 158 1723 cum
183 1679 275 1723 sacra
297 1660 353 1723 uia
372 1660 567 1744 ambularet,
590 1661 769 1724 accurrisse
788 1661 948 1743 quendam
968 1661 1096 1723 statim·
1131 1710 1134 1712 a

85 1768 147 1830 que
167 1767 200 1810 se
220 1747 416 1831 appellasse:
440 1747 528 1831 ‘quid
548 1747 630 1833 agis,
653 1746 837 1812 dulcissime
856 1745 1003 1811 reruml'
1042 1746 1096 1812 Se-

85 1835 259 1919 quiturque
275 1835 423 1920 dialogus
438 1833 506 1899 tam
521 1835 664 1919 uiuidus,
682 1839 719 1900 ut
739 1835 892 1919 quoniam
906 1836 1096 1921 plerumque

79 1923 157 2007 quis
176 1924 331 2008 loquatur
350 1923 495 1989 additum
513 1944 579 1989 non
598 1927 664 2007 est,
681 1946 914 2008 nonnunquam
934 1923 1095 1989 difficilius

83 2012 127 2078 sit
151 2011 354 2097 dignoscere,
377 2012 444 2077 utri
467 2013 566 2078 uerba
586 2012 691 2078 danda
715 2013 781 2077 sint
799 2009 899 2099 (sicut
918 2012 1096 2079 affirmabit

83 2100 231 2184 quisquis
253 2101 316 2166 hoc
340 2123 470 2166 carmen
489 2123 562 2166 cum
580 2101 746 2186 discipulis
768 2101 1002 2185 interpretatus
1022 2099 1097 2188 est).

82 2188 208 2254 Deinde
228 2190 405 2255 occurrisse
423 2190 583 2256 Aristium
602 2190 751 2256 Fuscum.
789 2189 1007 2277 Similiterque
1027 2192 1096 2255 eius

83 2300 212 2362 quoque
240 2278 327 2344 dicta
353 2278 548 2343 referuntur.
601 2278 760 2355 Quartum
789 2279 917 2343 uenisse
946 2279 1096 2345 aduersa-

83 2368 183 2448 rium,
202 2367 292 2432 cuius
311 2368 498 2432 interuentu
516 2368 673 2432 liberatus
693 2368 737 2433 sit
755 2368 796 2432 ab
815 2367 874 2431 illo
890 2368 1033 2453 garrulo.
1054 2404 1093 2414 -

82 2454 239 2520 Videmus
272 2455 374 2541 igitur
406 2456 565 2521 comicam
593 2456 826 2539 ridiculamque
858 2477 928 2520 rem
960 2456 1097 2520 tractari

82 2544 180 2627 plane
208 2545 321 2610 eodem
350 2544 446 2609 modo
475 2566 538 2629 quo
566 2545 601 2609 in
622 2544 676 2608 his
700 2543 889 2628 comoediis,
918 2565 998 2629 quas
1021 2543 1095 2609 ideo

82 2631 306 2698 ‘Horatianas'
336 2633 439 2697 dicere
467 2633 547 2696 mihi
574 2632 684 2717 liceat,
711 2637 749 2697 ut
775 2656 874 2699 unum
903 2654 1005 2718 genus
1035 2633 1094 2698 sub

82 2742 148 2786 uno
170 2723 301 2786 nomine
324 2722 603 2806 comprehendam.
642 2718 791 2787 Concedo
815 2745 866 2787 me
886 2723 1022 2808 elegisse
1046 2744 1096 2786 sa·

82 2808 180 2873 tiram
201 2809 242 2874 ad
260 2809 456 2875 fulciendam
470 2831 575 2875 meam
592 2811 788 2875 sententiam
803 2811 1018 2895 aptissimam,
1037 2812 1095 2876 sed
1129 2863 1133 2869 .

83 2897 228 2981 reliquae
252 2920 379 2984 quoque
403 2899 489 2963 idem
512 2899 667 2964 narrandi
691 2921 793 2985 genus
817 2900 922 2985 magis
946 2900 1095 2964 minusue

80 3006 160 3069 prae
189 3008 223 3053 se
253 2986 372 3052 ferunt.
423 2986 527 3063 Quam
554 3010 631 3053 uero
659 2988 765 3053 medio
792 3009 874 3055 aeuo
907 2987 942 3051 in
972 2987 1095 3052 deliciis

80 3072 181 3140 fuerit
213 3074 370 3141 Horatius
403 3077 574 3161 praecipue
607 3076 783 3142 satirarum
815 3079 849 3142 et
881 3075 1095 3159 epistularum

82 3164 235 3249 scriptor,
257 3164 420 3248 permulta
444 3165 561 3231 docent
584 3162 815 3249 testimonial)
860 3163 992 3229 Persius
1018 3186 1095 3250 quo·

81 3274 144 3335 que
169 3256 202 3317 et
219 3252 382 3318 quenalis
406 3254 518 3319 eodem
541 3254 608 3320 fere
632 3253 728 3320 modo
747 3254 830 3320 uitia
849 3252 1094 3337 castigauerunt

154 3394 181 3460 1)
201 3391 267 3447 uide
280 3391 312 3448 Ε.
323 3392 418 3463 Voigt,
433 3393 568 3449 Zeitschr.
578 3393 597 3449 f.
609 3393 736 3449 deutsch.
747 3392 848 3447 Altert.
862 3398 896 3447 35
911 3391 1103 3466 Anapum,-

80 3494 85 3499 -
152 3464 180 3531 2)
200 3463 271 3518 conl.
287 3479 311 3517 e.
326 3480 349 3520 a.
371 3464 533 3535 ‘epistolam
551 3465 591 3522 ad
605 3463 667 3522 lac.
678 3465 796 3521 (immin
812 3460 978 3516 dedimam
992 3453 1113 3518 caum<

80 3531 185 3602 (Progr.
204 3534 395 3594 Bileleldeuse
414 3553 440 3596 a.
461 3539 557 3612 iser).
