2430 3832
84 143 128 209 46
151 143 429 202 PROLEGOMENA
442 144 493 199 AD
508 126 727 203 COMOEDIAM
741 145 789 200 DE
802 145 945 202 NVNTIO
961 147 1103 207 saecul.

129 331 159 373 u.
181 308 258 374 158:
277 307 422 394 ‘agebas'
434 330 506 374 cum
522 308 707 395 scriberem,
720 309 867 375 fecicum
881 309 975 375 libris
985 311 1099 377 melio-

174 397 274 463 ribus.
307 395 371 463 sed
390 397 524 462 ‘tiebes'
540 420 667 482 quoque
682 403 769 464 recte
784 401 900 483 steret3
914 397 954 463 cf.
967 397 1102 466 Bonnet

172 508 203 570 p.
230 486 292 551 173
318 490 351 550 et
374 485 524 559 ‘Fecunc
548 487 644 551 retis'
667 487 684 552 I
708 488 771 553 871
795 490 864 551 not.
887 483 1021 575 critic.¹)

127 598 158 639 u.
179 575 256 641 161:
289 576 504 640 mutationem
535 576 753 641 necessariam
786 597 856 641 esse
889 575 994 640 eredo.
1044 575 1097 642 An

173 667 278 728 mater
301 663 411 729 dolore
430 663 491 729 tali
515 663 632 730 affecta
657 665 719 730 sibi
740 665 813 749 ipsa
837 687 951 729 manus
974 664 1102 731 infert?

174 753 213 818 cf.
236 774 266 835 p.
286 751 338 817 35.

129 863 158 906 u.
180 841 256 905 162:
280 838 384 905 ‘mihi’
408 845 458 907 est
482 841 611 907 datiuus
636 843 691 927 qui
715 841 831 908 dicitur
855 840 990 908 ethicus.

128 952 158 994 u.
180 929 256 995 168:
275 930 418 1015 cogitaui
436 953 514 996 num
532 931 586 995 hic
604 952 715 996 uersus
735 935 768 995 et
793 929 956 1015 sequentis
975 928 1101 996 ‘dicens

175 1017 359 1104 surgamus'
373 1019 500 1104 puellae
515 1018 621 1084 danda
635 1019 785 1103 sint,'sed
800 1042 873 1084 cum
889 1018 977 1084 eliud
992 1040 1099 1084 exem-

173 1108 264 1190 plum
283 1129 349 1172 non
368 1112 473 1173 exstet
495 1108 590 1172 unius
614 1129 728 1172 uersus
748 1108 872 1173 duabus
890 1105 1007 1194 tributi
1025 1130 1098 1191 per-

174 1196 277 1280 sonis,
301 1196 410 1260 omnic
433 1196 590 1281 adscripsi
612 1196 737 1262 nuntio.

130 1305 159 1347 u.
182 1284 258 1350 170:
283 1283 455 1349 ‘locuntur'
480 1285 605 1368 sumpsi
627 1307 666 1350 ex
684 1283 729 1350 W
751 1307 855 1370 neque
879 1285 1026 1350 dubitaui
1048 1307 1097 1352 se·

174 1371 315 1436 cundum
333 1372 395 1437 hoc
410 1373 592 1457 exemplum
610 1374 646 1438 in
664 1397 693 1440 u.
708 1375 772 1440 241
789 1374 930 1439 scribere
945 1373 1099 1440 ‘anticus'

174 1463 206 1524 et
229 1461 295 1525 224
319 1459 455 1526 ‘aecum'
479 1465 593 1527 contre
615 1462 718 1527 libros
743 1484 854 1527 omnes
879 1466 912 1527 et
930 1463 977 1527 ite
995 1464 1097 1528 rimos

172 1549 305 1613 reddere
328 1549 484 1634 puriores.
525 1628 528 1634 ³

128 1660 158 1702 u.
180 1639 257 1703 172:
281 1641 372 1703 estne
396 1639 616 1705 scribendum:
639 1638 721 1715 ‘Quo
745 1659 846 1723 prope
869 1640 943 1722 plus
959 1688 966 1703 .
980 1689 988 1705 .
1004 1638 1047 1705 3?

129 1749 158 1791 u.
180 1727 257 1792 180:
278 1726 423 1793 ‘redisse'
438 1750 496 1811 pro
511 1728 673 1794 infinitiuo
687 1727 790 1792 futuri
805 1728 909 1792 exacti
924 1731 981 1792 est.
1010 1727 1098 1794 Dici·

172 1821 226 1880 tur
250 1816 336 1881 enim
355 1817 501 1882 oratione
524 1820 630 1882 recta:
655 1815 742 1880 ‘misi
761 1837 834 1880 eum
853 1818 886 1880 et
910 1815 1024 1881 statim
1046 1838 1097 1882 re-

173 1902 290 1970 dierit?
313 1904 500 1970 BEVWX
519 1904 638 1969 falsum
657 1907 694 1968 ut
712 1903 841 1969 uidetur
859 1925 988 1968 uersum
1006 1927 1098 1988 prae-

172 1990 261 2074 bent,
285 1993 340 2074 qui
364 1993 501 2057 sirecte
525 1995 629 2056 staret
651 1992 780 2076 puellae
804 1990 927 2057 dandus
952 1995 1047 2058 esset.

128 2100 158 2143 u.
180 2080 256 2145 181:
288 2079 428 2144 fortasse
461 2079 630 2144 meliorem
664 2080 858 2165 scripturam
891 2080 1034 2146 seruauit
1061 2080 1097 2144 M

174 2164 347 2256 (‘sensit’);
375 2168 414 2232 de
444 2167 543 2232 ‘dum'
570 2190 631 2252 pro
655 2167 751 2234 ‘cum'
777 2168 924 2234 adhibito
953 2169 990 2234 cf.
1015 2168 1096 2235 Lud.

173 2255 309 2341 Traube,
333 2254 372 2322 ‘0
396 2256 502 2322 Rome
524 2256 656 2322 nobilis'
680 2280 710 2341 p.
729 2259 783 2337 24,
803 2259 831 2323 1.

127 2367 156 2409 u.
179 2344 255 2412 185:
288 2344 434 2411 uniusB
464 2344 583 2411 codicis
612 2346 784 2411 lectionem
816 2344 928 2410 ‘ledit'
962 2347 1095 2431 sumpsi,

172 2433 938 2589 1111111111111411111111411111
950 2436 1096 2589 Uibii]

173 2575 364 2695 ‘Pamphile
381 2545 496 2678 nebim
514 2616 572 2677 tuo
589 2634 646 2678 cur
663 2573 796 2697 periore
809 2546 940 2695 pectciire
958 2611 1094 2677 laedis?

173 2703 206 2764 et
227 2699 267 2766 N.
292 2698 322 2765 S.
346 2701 425 2766 205:
450 2699 573 2765 ‘Laesit
596 2704 628 2765 te
653 2699 858 2785 quisquam?'

126 2808 158 2853 u.
179 2787 255 2854 193:
284 2788 324 2853 ‘si
344 2786 470 2854 ‘uixero'
493 2790 581 2854 ualet
602 2788 670 2854 fere
693 2810 751 2872 pro
775 2791 889 2854 nostro
913 2787 1018 2853 ‘wenn
1042 2790 1095 2855 ich

172 2898 206 2941 es
229 2875 357 2942 erlebe'.

127 2987 180 3030 uu.
198 2965 263 3031 201
275 2987 321 3051 sq.
345 2965 528 3052 significare
543 2965 625 3030 mihi
638 2965 790 3031 uidentur
808 2965 884 3031 hoc:
904 2965 990 3048 quod
1008 2986 1094 3031 nunc

172 3054 307 3141 gaudes,
337 3055 420 3120 scias
451 3075 683 3138 saepenumero
711 3055 794 3137 fieri,
823 3056 861 3118 ut
888 3052 997 3118 ridens
1026 3054 1094 3118 affi-

172 3144 276 3209 ciatur
293 3143 391 3209 luctu.
429 3141 606 3208 Buecheler
623 3165 701 3208 uero
721 3142 846 3228 cogitet
864 3142 903 3206 de
922 3140 989 3206 ‘Fit
1008 3140 1094 3206 cum'

173 3231 364 3318 corrigendo
387 3232 422 3295 in
447 3230 504 3296 ‘At
526 3231 614 3298 non’.

128 3343 158 3386 u.
177 3321 256 3385 211:
275 3319 369 3385 ‘sine'
384 3319 597 3405 imperatiuus
613 3324 671 3405 est,
688 3343 753 3386 non
768 3318 975 3404 praepositio.
1000 3316 1093 3393 Quod

138 3511 172 3574 1)
189 3509 322 3579 Benigne
340 3509 414 3567 mibi
431 3510 574 3570 indicauit
592 3512 726 3568 Ernestus
742 3508 840 3582 Voigt.
