2430 3832
267 187 317 240 AD
337 185 557 242 OOMOEDIAM
576 185 622 239 DE
642 185 773 242 TRIBVS
793 185 914 242 SOOIIS.
1055 188 1096 252 61

80 350 197 435 Neque
224 371 301 414 uero
330 350 448 414 clarius
477 352 604 413 tantum
630 347 808 413 sedetiam
837 349 956 414 rectius
983 349 1096 414 fabula

82 443 235 504 narratur
259 460 356 524 quarn
380 437 420 502 ab
446 459 621 520 anonymo,
646 437 729 520 apud
750 459 844 520 quem
868 437 932 502 loci
950 439 1098 502 nonnulli

80 527 295 593 inueniuntur
313 525 454 609 pessime
470 526 617 591 confecti.
643 525 729 590 Nam
745 525 822 608 quid
837 525 900 589 sibi
914 527 985 590 uult
1000 524 1094 591 illud:

127 615 350 700 Opprobrium
373 615 478 679 uitare
500 615 615 679 uolens
639 613 781 679 incurro:
804 636 919 697 parare

194 701 363 769 Sollicitus
386 702 480 767 nobis
505 702 639 787 prandia
662 703 750 766 nulla
774 703 867 786 parol

80 792 198 859 Nonne
221 796 396 876 postquam
420 814 534 856 urnam
559 790 731 875 confregit,
759 790 943 875 proximum
967 795 1038 856 erat
1060 796 1098 857 ut

80 882 123 948 ad
146 903 266 947 nouam
291 880 354 944 sibi
376 880 555 963 parandam
578 879 612 942 in
634 880 740 946 forum
765 901 799 944 se
818 880 989 964 conferret,
1012 880 1098 945 sicut

82 975 234 1036 narratur
255 992 274 1033 a
295 967 482 1033 GanfredO?
519 967 583 1033 Hie
602 972 710 1032 autem
726 967 794 1033 sine
814 988 908 1055 aqua,
927 970 995 1033 sine
1015 991 1097 1033 urna

82 1058 221 1144 prandia
245 1079 360 1141 parare
384 1057 493 1121 studet
513 1056 674 1121 mirabilis
697 1056 754 1119 ille
778 1078 882 1121 cocus.
909 1093 947 1104 ·-
973 1055 1097 1122 Deinde

83 1148 190 1211 minus
220 1147 337 1229 elucet,
366 1167 422 1210 cur
446 1145 556 1210 statim
584 1150 653 1210 tam
676 1144 887 1209 uehementer
914 1144 1097 1229 increpetur

84 1259 104 1301 a
122 1235 237 1321 figulo:
263 1233 404 1313 ‘Desine
423 1233 568 1300 derisor?
601 1232 731 1318 Optime
750 1255 826 1298 uero
847 1255 944 1298 causa
968 1234 1097 1300 additur

86 1325 120 1388 in
144 1322 283 1406 ‘poetria
306 1321 417 1388 noua’:
448 1321 520 1386 ‘llle
543 1322 656 1387 uidens
681 1322 811 1407 inopem
834 1321 958 1387 furtum
982 1321 1098 1388 timet?

84 1411 224 1476 —Tum
245 1411 368 1476 socium
388 1410 521 1475 minime
541 1411 608 1475 eius
629 1412 729 1475 uerba
747 1411 936 1496 intellegere
950 1412 1097 1495 potuisse

83 1500 222 1583 conicio,
250 1522 322 1564 cum
350 1500 433 1563 nihil
462 1499 550 1563 aliud
580 1499 610 1563 ei
633 1500 755 1563 dietum
780 1503 865 1564 esset
888 1500 952 1563 nisi
977 1499 1096 1565 ‘Vrnas

86 1589 152 1654 iam
176 1589 258 1653 mihi
282 1589 409 1653 taxanti
433 1587 484 1653 dic
504 1587 623 1652 obiisse
647 1586 796 1671 patrem'.
834 1585 897 1652 Sed
915 1592 1044 1671 poterat
1063 1611 1097 1653 re

83 1682 226 1761 narrata,
244 1680 281 1741 ut
300 1680 350 1741 est
368 1675 453 1760 apud
473 1675 685 1740 Ganfredum:
710 1675 856 1740 ‘inuenio
876 1675 1010 1761 socium,
1029 1699 1096 1741 rem

82 1787 194 1830 narro:
214 1765 378 1830 Reuertar
398 1765 439 1829 ad
457 1765 558 1847 illurn,
580 1765 584 1848 l
605 1762 731 1849 Inqui0,
749 1767 850 1846 tuque
869 1785 1006 1846 sequens
1024 1787 1097 1850 pro-

84 1855 203 1919 clames
227 1855 341 1918 funera
364 1853 490 1935 patris?
516 1890 553 1899 —
580 1852 619 1917 In
643 1853 721 1918 socii
745 1853 859 1917 deinde
883 1852 991 1916 uerbis
1016 1876 1098 1937 quae

84 1946 237 2007 secuntur
259 1942 342 2007 illud
366 1941 518 2026 ‘demens
543 1964 624 2025 quae
648 1946 681 2006 te
705 1942 865 2006 dementia
883 1940 1019 2006 uexatl'
1043 1943 1098 2006 du-

84 2030 152 2095 rius
181 2031 350 2116 minusque
381 2034 494 2115 aptum
522 2030 651 2096 uidetur
678 2053 776 2116 quam
804 2029 958 2095 Ganfredi
989 2030 1096 2095 ‘mise-

86 2118 207 2202 rande',
232 2141 296 2203 quo
320 2121 499 2204 praemisso
522 2121 604 2185 bene
624 2119 752 2186 additur
776 2119 821 2184 ‘et
840 2119 953 2204 adhuc,
977 2121 1099 2204 insane,

86 2207 257 2272 moraris‘l’
276 2244 313 2254 -
331 2209 504 2274 Praeterea
522 2231 594 2274 meo
615 2209 744 2292 quidem
762 2207 882 2272 iudicio
901 2209 1098 2273 narrationis

84 2295 246 2381 elegiacae
270 2297 349 2362 ordo
372 2319 542 2382 peruersus
567 2300 625 2360 est.
661 2295 811 2377 Namque
829 2295 864 2358 in
882 2317 912 2358 u.
931 2295 952 2358 5
976 2295 1099 2361 ‘manui

86 2385 181 2449 datur
204 2383 297 2449 urna'
321 2386 430 2469 inepte
453 2385 597 2468 positum
618 2386 669 2447 est
691 2386 767 2466 post
792 2381 921 2466 ‘stagna
944 2384 1042 2466 peto',
1066 2388 1098 2447 et

84 2472 118 2536 in
142 2497 171 2537 u.
193 2474 233 2539 13
257 2472 467 2556 praeferrem,
496 2472 524 2536 si
552 2471 659 2535 socius
687 2470 778 2554 prius
806 2469 970 2534 uideretur
1000 2491 1097 2553 quam

85 2566 267 2626 uocaretur.

152 2649 213 2713 His
228 2647 440 2713 consideratis
455 2647 657 2713 contenderit
676 2646 838 2732 quispiam
847 2645 988 2711 eandem
1006 2646 1097 2713 fabu-

84 2737 151 2801 lam
184 2737 225 2801 ab
257 2757 419 2820 anonymo
452 2737 536 2802 male
573 2739 741 2800 narratam
773 2734 889 2800 melius
922 2739 1098 2803 tractatam

84 2845 157 2888 esse
180 2846 200 2887 a
223 2821 396 2889 Ganiredo.
442 2825 546 2902 Quam
575 2825 770 2890 sententiam
798 2846 856 2910 per
884 2847 918 2890 se
941 2825 1028 2892 haud
1051 2827 1099 2892 ita

86 2911 292 2998 probabilem
310 2911 458 2978 refellere
476 2936 572 2999 posse
592 2913 672 2978 mihi
691 2913 803 2978 uideor
817 2913 880 2980 hoc
895 2919 1099 2999 argumento:

88 3000 271 3066 (lanfredus
291 3001 319 3066 si
338 3024 532 3088 anonymum
552 3001 803 3087 compilauisset,
823 3002 908 3087 apud
923 3025 1019 3086 quem
1035 3002 1099 3068 nisi

87 3090 122 3154 in
146 3089 244 3155 titulo
264 3090 361 3155 trium
379 3091 540 3157 sociorum
563 3091 687 3156 nullum
711 3094 761 3155 est
784 3090 975 3175 uestigium,
998 3090 1098 3156 immo

87 3178 139 3242 uel
161 3177 223 3244 duo
242 3183 382 3263 possunt
401 3202 469 3245 esse
489 3179 568 3245 socii
587 3181 640 3244 uel
660 3178 807 3263 sescenti,
826 3216 868 3224 -
887 3179 973 3245 huno
991 3201 1100 3245 nume·

88 3288 160 3331 rum
185 3268 300 3332 curin
324 3266 470 3333 fabulam
495 3269 726 3354 introduceret,
752 3289 819 3333 non
842 3266 998 3349 habebat,
1026 3290 1099 3333 cum

88 3355 281 3438 praesertim
309 3357 442 3421 titulum
471 3379 537 3422 non
561 3357 702 3423 adderet.
750 3354 812 3421 Sed
836 3355 1099 3422 manifestissime

88 3443 127 3507 de
151 3444 257 3509 tribus
282 3445 377 3510 sociis
401 3444 472 3531 agit
495 3445 616 3511 dicens:
640 3445 734 3510 ‘Tres
755 3467 867 3510 sumus
887 3494 897 3509 .
914 3494 923 3508 .
939 3445 1029 3508 socii
1047 3492 1056 3505 ,
1076 3489 1114 3504 ,.

87 3530 323 3598 famulantibus
343 3538 419 3602 ante
444 3534 576 3604 duobus
597 3536 725 3604 tertius
747 3554 826 3599 ecee
847 3528 937 3594 diesi
990 3526 1045 3584 aa,
1057 3540 1144 3579 ana·
