2430 3832
245 171 295 224 AD
316 169 535 226 COMOEDIAM
553 170 601 225 DE
620 170 752 227 TRIBVS
770 170 931 227 PVELLIS.
1050 173 1093 237 53

147 331 385 399 Grammaticos
404 356 456 399 res
476 334 589 399 eodem
608 334 704 399 modo
723 355 786 417 quo
805 335 839 398 in
854 334 962 418 priore
979 333 1093 399 fabulo

79 426 221 486 tractare
245 423 348 488 liceat.

125 509 272 595 ‘absque’
296 511 468 577 adhibetur
491 513 526 577 in
548 534 578 578 u.
599 513 650 578 38.

125 598 225 664 ‘bina'
239 622 299 684 pro
314 599 402 666 ‘duo’
421 601 542 687 legitur
560 601 595 664 in
613 624 643 665 ιι.
660 600 736 685 110;
757 598 796 664 cf.
811 598 950 685 Ysengr.
965 623 995 684 p.
1009 599 1092 664 XLI.

126 687 298 753 ‘desierat’
326 711 400 754 cum
424 690 532 756 ethico
560 689 669 754 doliuo
694 686 789 753 ‘sibi'
813 687 1020 754 coniunctum
1044 691 1094 754 esi

168 776 202 839 in
225 800 254 841 u.
275 776 326 842 85.

127 863 282 929 ‘ferendo'
306 889 337 930 ιι.
361 866 439 947 201;
463 865 502 930 of.
525 889 556 950 p.
574 866 619 930 40
643 888 667 930 ι.
686 888 715 930 u.
736 864 942 950 ‘pugnando'.

128 951 280 1018 ‘fuerant'
303 955 393 1018 ualel
415 976 475 1038 pro
500 952 616 1019 ‘erent'
640 955 674 1018 in
697 976 748 1018 uu.
769 954 821 1019 42.
845 954 920 1039 235,
944 953 1095 1020 simililer

172 1040 310 1107 ‘fuerat'
333 1041 368 1107 in
391 1065 443 1107 uu.
468 1043 519 1109 87.
542 1044 616 1107 253.
641 1043 719 1127 210,
748 1041 905 1108 ‘fueram'
928 1043 962 1107 in
986 1067 1014 1109 u.
1037 1043 1096 1130 923

169 1131 207 1195 ef.
255 1182 261 1196 .
281 1132 333 1197 39.

125 1155 299 1304 ‘ipse’iiro
324 1218 402 1284 ‘ille'
427 1219 548 1306 legitur
571 1218 606 1283 in
628 1243 658 1284 ιι.
683 1219 742 1304 90;
765 1219 804 1284 of.
828 1243 858 1304 p.
877 1221 930 1285 40.

125 1308 244 1373 ‘modo’
259 1331 318 1393 pro
334 1307 441 1374 ‘nunc'
457 1309 547 1374 uides
566 1308 600 1372 in
619 1331 671 1374 uu.
688 1310 761 1374 117.
782 1310 845 1375 118
853 1306 914 1395 (?);
933 1308 973 1375 of.
992 1332 1023 1393 p.
1041 1309 1094 1375 40.

125 1397 310 1463 ‘mouendo’
334 1397 416 1484 legis
439 1398 474 1462 in
496 1420 526 1464 ιι.
551 1398 607 1482 96;
631 1397 670 1463 cf.
694 1419 717 1462 s.
736 1420 767 1462 ιι.
787 1397 952 1463 ‘ferendo’.

126 1485 214 1550 ‘non'
239 1486 426 1551 adiunctum
450 1489 500 1550 est
524 1486 565 1550 ad
587 1486 818 1570 imperaliuum
841 1487 876 1552 in
897 1511 928 1552 ιι.
954 1488 1032 1572 118;
1054 1485 1095 1551 01.

129 1659 303 1744 ‘protinus’
318 1683 392 1727 cum
407 1661 581 1745 participio
595 1683 652 1744 per
663 1661 725 1725 ‘de'
736 1662 944 1748 coniungitur
958 1663 992 1726 in
1002 1686 1033 1728 ιι.
1043 1663 1095 1728 69.

130 1747 299 1832 ‘quaeque'
325 1749 444 1813 similia
467 1749 600 1814 liberius
625 1749 819 1815 adhibentur
840 1750 875 1814 in
897 1774 949 1815 uu.
973 1752 1025 1816 53.
1045 1751 1095 1817 70.

171 1838 221 1903 88.
249 1839 326 1923 1323
349 1837 387 1902 of.
407 1861 437 1922 p.
456 1838 510 1902 40.
614 1889 623 1904 .

127 1925 301 2010 ‘quamuis'
325 1927 502 2010 assumpsit
524 1926 736 1992 indicaliuum
762 1924 834 1994 159.
860 1928 934 1993 261.

126 2013 236 2100 ‘quod’
257 2014 432 2080 secundum
447 2015 545 2079 medii
561 2016 633 2080 aeui
648 2016 913 2081 consuetudinem
928 2018 962 2081 in
976 2039 1028 2082 ιιιι.
1043 2016 1097 2083 56.

171 2103 243 2168 159.
270 2102 346 2186 185;
371 2103 409 2169 cf.
432 2126 463 2187 p.
482 2105 535 2168 41.

125 2191 317 2256 ‘saluontur’
342 2195 449 2257 exslal
472 2193 507 2257 in
530 2217 559 2257 ιι.
579 2194 636 2277 61;
661 2194 700 2262 cf.
723 2216 753 2278 p.
772 2195 824 2258 41.

126 2279 247 2345 ‘sciret'
266 2281 300 2344 in
321 2284 485 2345 structura
504 2281 719 2349 condicionali
733 2282 907 2346 adhibetur
925 2303 985 2365 pro
1005 2279 1095 2346 ‘sois-

172 2367 231 2433 set'
255 2368 288 2433 in
312 2392 343 2434 u.
369 2367 445 2453 1353
469 2368 507 2434 cf.
531 2369 566 2433 in
588 2394 620 2436 ιι.
639 2371 704 2434 212
729 2368 951 2452 ‘prodessonffi

126 2454 657 2542 (0060000106022911101006001
665 2480 731 2523 non
739 2461 797 2541 est,
808 2478 1003 2540 quamquam
1013 2457 1093 2523 alibi

170 2545 232 2610 hoc
246 2545 381 2610 uerbum
392 2567 459 2610 non
472 2549 589 2631 exstat,
603 2547 657 2611 sed
673 2546 794 2633 legitur
803 2547 837 2610 in
848 2545 901 2610 Du
911 2542 1021 2631 Gange
1028 2545 1093 2610 VII

169 2636 262 2700 3150
277 2634 438 2720 glossario
451 2634 688 2722 latino-graeco
704 2639 884 2719 sumptum:
899 2632 1094 2718 ‘Sculpolon

168 2720 329 2806 Γλυπτής,
346 2721 510 2806 Sculplor'
521 2727 555 2788 el
569 2726 602 2788 in
613 2724 785 2789 Philoxeni
798 2726 911 2808 gloss:
927 2724 1093 2807 ‘Holmoe

171 2810 371 2894 Sculpalor’.
386 2861 393 2877 .
409 2862 415 2876 .
431 2811 580 2891 Ῥλύψον
605 2812 745 2898 Soulpa'.

125 2898 211 2965 ‘sibi'
236 2901 357 2965 similis
385 2900 572 2986 significant
599 2923 779 2986 pronomen
802 2901 1094 2968 demonstratiuum

169 2988 203 3052 in
222 3011 274 3054 uu.
288 2990 340 3055 42.
365 2990 416 3055 84.
436 2991 488 3057 91.
507 2990 559 3056 92.
578 2991 630 3056 94.
651 2992 724 3057 104.
746 2992 906 3056 112132.
929 2990 1001 3054 133.
1021 2989 1093 3054 136.

170 3077 242 3142 163.
269 3078 341 3142 184.
366 3080 443 3164 1883
466 3078 505 3144 cf.
528 3103 559 3164 p.
583 3081 634 3145 41.

126 3165 241 3231 ‘uelle’
270 3165 434 3252 significat
459 3167 701 3233 substantiuum
725 3168 760 3231 in
782 3190 813 3233 ιι.
836 3168 916 3251 281,
945 3165 1094 3231 simililer

168 3256 202 3319 in
226 3279 256 3320 ιι.
278 3256 353 3320 161:
378 3255 576 3342 ‘temptore'3
599 3256 637 3323 cf.
662 3279 692 3340 p.
712 3256 756 3320 40
780 3277 804 3319 s.
827 3276 858 3319 u.
881 3253 1067 3339 ‘quaerere’.

125 3342 240 3410 ‘uetat'
265 3365 338 3408 cum
363 3343 426 3409 ‘ne'
450 3344 658 3430 coniungitur
676 3345 709 3408 in
734 3365 763 3409 ιι.
783 3343 857 3409 298.

147 3432 304 3498 Exiremo
328 3433 401 3499 loco
424 3433 522 3499 liceat
544 3433 625 3498 mihi
648 3432 687 3496 do
706 3431 953 3496 difficiliorilons
968 3430 1106 3507 spum-

79 3522 151 3586 dam
177 3520 326 3588 dubiisue
350 3522 434 3591 locis
457 3522 541 3592 hoec
565 3522 747 3590 sdnolere:
