2430 3832
278 157 328 210 An
348 156 566 215 coucuunu
584 157 632 216 nu
652 158 784 217 ramus
804 158 924 216 cocus.
1066 161 1109 230 63

160 285 314 389 Ganfmdi
344 320 457 390 deinde
483 320 641 389 fabellam
673 322 876 391 uersificatcr
909 324 1039 408 quidam
1067 349 1105 394 ex

89 407 288 480 hexametris
316 409 524 494 transcripsit
552 410 587 477 in
614 432 727 477 uersus
756 411 915 496 elegiacos
944 412 1041 480 simul
1072 418 1105 480 et

87 497 244 567 narrandi
268 519 373 583 genus
394 499 545 568 mutauit„
579 497 797 567 Horatianurn
818 499 904 569 enim
929 501 1013 584 quod
1037 502 1103 569 dixi

89 606 191 671 genus
207 587 455 656 tmnsiormauit
469 586 675 656 inusitatum
693 587 776 652 illud
790 589 875 672 quod
889 589 924 655 in
938 589 1103 674 plerisque

88 675 186 743 huius
208 676 283 745 aeui
305 676 481 745 comoediis
504 679 652 760 apparet,
679 676 730 745 ita,
754 680 878 762 tamen,
906 681 943 745 ut
966 679 1103 746 mutatio

87 785 154 831 nou
181 765 397 848 perficeretur·
444 763 531 831 Nam
560 765 668 833 solum
694 765 728 831 in
756 766 922 850 prooemio
949 766 1103 837 carminis

88 852 130 919 dc
155 851 291 921 diuersis
321 876 342 921 a
368 875 405 917 se
431 853 580 937 personis
608 856 721 922 auctor
749 854 832 938 agit,
864 855 899 924 in
925 856 998 940 ipsa
1025 878 1104 925 uero

86 940 201 1011 fabula
219 941 281 1025 sio,
297 945 334 1011 ut
352 964 435 1011 unus
451 964 489 1007 cx
508 942 614 1010 tribus
634 942 730 1011 sociis
745 943 894 1011 uideatur
909 965 988 1013 esse.
1023 943 1101 1020 Quis

86 1050 165 1095 uero
180 1029 279 1095 fuerit
294 1034 407 1095 auctor
425 1031 597 1117 nescimus,
616 1031 671 1095 sed
687 1031 807 1099 arridet
822 1032 902 1096 mihi
917 1033 1102 1101 coniectura

87 1139 152 1201 qua
163 1117 320 1188 Haureau
337 1119 407 1187 ludi
426 1119 585 1204 quendam
605 1120 800 1206 magistrum
815 1119 969 1187 Ganiredi
987 1143 1100 1187 uersus

87 1206 336 1275 transformasse
361 1208 539 1291 contendit,
567 1230 640 1277 curn
670 1212 816 1293 captaret
845 1214 878 1275 ct
906 1210 1101 1280 breuitatem

88 1299 120 1363 et
143 1296 315 1365 contraria.
362 1294 431 1371 Quo
455 1298 578 1363 facturn
603 1301 653 1367 est
680 1303 718 1365 ut
745 1299 851 1368 oratio
876 1299 903 1367 si
927 1299 1035 1367 minus
1054 1299 1100 1368 iu-

87 1384 232 1469 geniosa,
255 1388 290 1454 at
315 1385 453 1452 obscura
476 1391 509 1450 et
531 1407 762 1472 nonuunquam
781 1386 917 1457 ridicula
936 1388 991 1457 sit.
1024 1388 1100 1472 Ipse

87 1472 172 1541 euim
201 1478 429 1556 argumentum
458 1496 531 1541 cum
558 1475 757 1559 percepisset
783 1498 823 1543 ex
848 1475 1003 1543 (lanfredi
1031 1499 1099 1544 car-

86 1561 187 1646 mine,
214 1560 335 1630 inscius
360 1563 557 1629 obscurabat
584 1563 735 1629 addendis
759 1568 792 1629 ct
816 1565 1001 1632 omittendis
1026 1587 1099 1649 gra-

85 1648 229 1718 uissimis
252 1651 359 1717 rebus.
399 1651 559 1735 Exempla
582 1652 697 1718 afferre
720 1653 924 1736 supersedeo,
946 1655 1099 1738 quoniam

86 1738 235 1824 quisquis
260 1739 322 1808 hos
344 1761 457 1828 uersus
486 1740 872 1825 legerit,‘comprobabit
900 1740 987 1806 docti
1010 1742 1098 1808 illius

85 1825 150 1894 uiri
182 1826 350 1895 iudicium:
383 1827 622 1896 ‘Eridemrnent
654 1829 790 1895 l'auteur
819 1851 839 1896 a
865 1827 1037 1895 recherche
1067 1828 1098 1895 le

86 1913 202 1982 meritc
220 1916 260 1984 de
276 1917 310 1983 la
328 1917 480 1984 bricvetc'.
517 1915 601 1983 Mais
617 1939 659 1983 on
673 1918 725 1985 n'a
739 1917 858 2001 jamnis
872 1917 1099 1988 recommendo

87 2003 120 2067 la
139 2004 283 2073 bridrete
301 2010 392 2073 toute
412 2005 523 2091 sache3
544 2005 568 2069 il
586 2005 659 2072 faut
678 2006 794 2091 qu'cllc
813 2005 877 2073 soit
895 2007 1020 2074 relevee
1038 2029 1099 2092 par

86 2091 141 2156 des
157 2093 360 2178 oppositions
380 2094 604 2181 ingenieuses?
626 2132 662 2143 -
686 2093 749 2162 Sed
764 2095 848 2179 quod
862 2094 947 2162 idern
962 2095 1099 2162 coniecit

84 2178 169 2248 hanc
187 2181 331 2249 fabulam
348 2188 381 2250 et
398 2184 497 2253 istam
517 2182 566 2250 ‘de
586 2183 710 2251 clericis
731 2187 763 2249 et
780 2183 914 2253 mustico’
929 2184 970 2249 ab
986 2184 1098 2251 eodem

86 2273 217 2336 auctore
241 2292 311 2337 esso
330 2270 511 2356 confectas,
534 2273 641 2340 minus
660 2272 850 2357 comprobo,
872 2272 973 2337 immo
996 2273 1098 2339 miror

85 2378 182 2440 quam
196 2360 346 2426 manime.
368 2359 499 2427 Etenim
514 2382 587 2427 meo
601 2360 720 2429 iudicio
734 2359 891 2427 sermonis
906 2381 985 2426 usus
997 2359 1032 2427 in
1045 2360 1098 2425 his

85 2446 210 2514 duobus
239 2448 437 2517 carminibus
462 2470 595 2531 prorsus
619 2448 766 2516 diuersus
791 2451 850 2514 est.
895 2446 1097 2515 Brcuutatcrn

85 2556 182 2618 quam
209 2536 277 2602 illic
299 2535 579 2619 reprebendimus,
605 2536 659 2603 hic
686 2537 765 2606 adeo
790 2539 918 2603 auctam
941 2536 1099 2622 uidemus,

84 2625 122 2689 ut
145 2623 200 2689 uix
223 2623 360 2706 perferri
383 2624 495 2708 possit.
533 2624 766 2695 Velutaudias
790 2648 905 2693 uersus
922 2624 1060 2710 primos:

129 2708 1096 2799 Consocii,quid?-Iterrapiamus-Quidplacetl-Ire

196 2796 249 2864 Ad
264 2820 366 2870 sacra
375 2837 417 2849 -
428 2800 585 2878 Quando?
599 2839 635 2851 -
649 2802 756 2872 Modo.
767 2841 807 2852 —
820 2804 913 2961 11ἰοῖ
926 2841 965 2853 -
981 2803 1096 2890 Prope.

790 2929 827 2943 -
881 2893 929 2959 iat
950 2893 1007 2962 ita.

87 2973 149 3039 Sed
173 2995 324 3045 uersuum
344 2978 472 3044 ratione
488 2979 708 3049 demonstrari
723 2985 805 3066 puto
823 2981 919 3047 huius
939 2980 1094 3049 carminis

84 3063 214 3147 culpam
238 3065 294 3131 alii
318 3067 535 3135 uersificatori
558 3069 762 3137 tribuendam
788 3091 866 3135 esse.
912 3069 952 3135 In
974 3067 1092 3154 uigint‘

83 3151 168 3217 enim
196 3151 263 3220 illis
289 3154 328 3219 de
355 3156 461 3224 tribus
486 3157 582 3225 sociis
610 3158 759 3225 uersibus
783 3161 899 3242 quater
921 3157 970 3243 (in
992 3179 1045 3223 uu.
1064 3157 1094 3221 3.

83 3240 113 3307 l.
130 3241 159 3306 9.
181 3239 238 3327 15)
261 3242 408 3312 adhibita
432 3249 483 3312 cst
505 3267 638 3315 caesura
657 3245 931 3330 semiseptenaria,
954 3245 988 3311 in
1007 3266 1095 3311 soxa-

81 3328 175 3414 ginta
199 3331 326 3399 duobus
349 3333 405 3418 qui
429 3338 504 3402 suut
527 3336 566 3404 de
585 3334 710 3403 clericis
731 3339 764 3399 et
782 3333 904 3402 rustico
925 3333 1025 3402 semel
1045 3328 1092 3418 (in

80 3439 112 3483 u.
132 3417 187 3505 19)
210 3419 291 3487 haec
313 3422 431 3490 incisio
455 3423 507 3508 lit,
533 3445 606 3493 oum
634 3424 668 3490 in
696 3422 830 3508 reliquis
854 3422 1006 3489 omnibus
1029 3441 1093 3484 ser·

81 3509 159 3573 nata
182 3507 225 3573 sit
248 3510 496 3601 semiquinaria,
518 3534 603 3601 quus
621 3511 730 3580 madri
745 3509 957 3592 usurpastis
968 3504 1132 3566 maim
