2430 3832
459 169 578 225 CAPVT
597 171 631 226 V.
1004 171 1049 236 45

78 357 108 400 ιι.
128 333 185 399 95:
213 331 278 398 ‘et’
308 355 347 398 ex
375 332 561 399 coniectura
589 333 728 417 sumpsi,
755 337 793 397 ut
820 337 987 419 repetatur
1010 357 1049 400 ex

123 421 270 487 membro
293 422 400 506 priore
424 420 542 486 ‘absit'.

78 535 107 577 ιι.
126 512 184 577 96:
214 509 328 576 ‘afore’
358 511 386 575 si
409 514 495 575 recte
519 509 655 594 conieci,
681 509 747 574 iam
775 509 829 574 hic
850 511 962 597 puella
985 511 1048 576 dis-

123 621 287 665 cessuram
307 620 340 663 se
359 619 430 664 esse
449 599 606 682 minatur,
628 598 693 663 nisi
712 598 908 664 omittantur
927 599 1049 664 lasciua

123 693 157 754 et
175 688 359 772 petulantia
376 687 486 771 uerba,
508 686 772 771 prospiciturque
790 686 831 752 ad
849 710 878 752 u.
901 689 974 772 130,
991 689 1049 753 ubi

124 776 237 841 ‘uere'
264 776 393 841 facilius
422 774 640 861 intellegitur,
667 776 784 840 eiiam
808 779 1049 841 antecesserunt

124 864 282 930 eiusmodi
306 865 421 928 minae.
454 863 663 948 (Buechelerz
687 863 801 930 dubito
825 863 948 930 ‘afore’
970 887 1050 930 num

124 954 158 1018 id
180 953 291 1018 ualeat
315 952 401 1036 quod
429 950 626 1017 ‘abituram’.
671 974 786 1018 uerum
809 956 888 1038 puto
912 952 1049 1037 ‘affore'3

124 1042 207 1107 talia
230 1044 267 1106 tu
290 1063 342 1106 me
365 1044 535 1125 praesente
558 1038 738 1128 loquerisl)

80 1172 110 1213 ιι.
129 1149 185 1214 99ι
209 1169 248 1212 ex
271 1146 402 1212 ‘minus'
426 1151 460 1211 et
479 1145 585 1212 ‘unus'
605 1147 803 1212 conieceram
823 1145 966 1214 ‘nimius'
985 1169 1051 1214 una

126 1237 252 1301 adiecta
266 1235 371 1316 hasta,
391 1235 477 1320 quod
490 1235 686 1301 uocabulum
705 1237 740 1301 in
753 1235 784 1300 V
799 1240 965 1302 seruatum
979 1258 1050 1303 esse

124 1347 210 1390 nuno
232 1324 308 1389 uidi.
355 1323 475 1389 Vtrum
502 1345 580 1389 uero
603 1346 716 1389 uersus
741 1326 787 1390 sic
809 1328 897 1390 recte
922 1326 1050 1411 legitur,

127 1436 169 1478 an
186 1435 246 1498 pro
266 1412 386 1497 ‘posse'
406 1413 612 1478 scribendum
630 1416 680 1478 est
699 1412 845 1499 ‘meque’
865 1414 930 1479 tale
950 1414 1049 1499 quid?

125 1501 239 1567 Artius
269 1502 400 1585 quidem
422 1501 469 1567 ita
493 1502 742 1587 coniungeretur
763 1503 817 1568 hic
839 1525 953 1568 uersus
977 1525 1050 1568 eum

125 1590 343 1656 antecedente.

80 1720 131 1763 ιιιι.
158 1697 231 1763 109.
263 1697 326 1761 110
359 1696 558 1780 interpretor
591 1696 650 1781 sic:
679 1694 806 1779 Pauper
839 1698 895 1780 qui
926 1697 1049 1781 probus

126 1789 176 1852 est
195 1784 321 1852 ciuibus
343 1784 410 1850 suis
429 1784 502 1868 plus
517 1785 651 1869 prodest
671 1783 777 1850 officio
796 1784 932 1870 impleto
952 1807 1050 1870 quam

126 1874 217 1940 diues
236 1897 293 1940 rex
312 1873 368 1960 qui
386 1883 471 1937 male
491 1876 558 1938 stat
577 1873 683 1939 officio
702 1874 754 1938 uel
774 1873 830 1958 qui
847 1873 942 1957 parui
956 1874 1050 1938 aesti-

127 1963 263 2028 mandus
284 1966 347 2047 est3
370 1961 410 2028 cf.
429 1985 460 2027 ιι.
479 1963 536 2027 32:
560 1961 613 2027 ‘do
633 1984 706 2026 mea
723 1983 858 2027 munera
876 1962 979 2047 uobis,
996 1962 1050 2028 ioh

129 2051 231 2117 weihe
244 2051 350 2116 maine
365 2050 501 2117 Dienste
516 2049 618 2116 eucln'
640 2087 677 2098 -
698 2050 864 2116 Alluditur
870 2049 896 2138 1)
910 2050 1050 2116 fortasse

125 2139 188 2205 hoc
215 2161 311 2204 uersu
338 2140 378 2204 ad
396 2139 584 2206 Ecclesiast.
603 2138 652 2206 IV
674 2141 729 2206 13:
756 2138 873 2205 Melior
896 2144 946 2205 est
968 2162 1049 2225 puer

126 2249 250 2313 pauper
274 2231 306 2292 et
329 2228 458 2312 sapiens
481 2251 559 2315 rege
584 2251 659 2295 sene
683 2232 716 2295 et
740 2231 851 2313 stulto,
874 2229 930 2314 qui
948 2229 1052 2294 nescit

126 2316 314 2400 praecidere
337 2317 372 2380 in
394 2318 583 2402 posterum?

82 2445 112 2490 u.
134 2424 212 2488 113:
235 2421 389 2488 ‘laudem’
403 2424 537 2507 respicit
550 2422 690 2489 fortasse
705 2423 746 2488 ad
759 2447 788 2488 ιι
806 2423 879 2508 103,
897 2423 1050 2508 quoniam

127 2511 283 2576 ‘audere'
308 2511 481 2577 adhibetur
499 2534 557 2595 pro
577 2511 783 2596 ‘concedere',
805 2511 852 2577 ita
875 2515 913 2576 ut
932 2510 1051 2576 ‘lauda-

127 2599 285 2666 mentum'
310 2602 353 2665 sit
375 2621 435 2685 pro
459 2598 616 2684 pactum,
638 2599 780 2686 pignus'.

84 2729 114 2771 ιι.
135 2705 212 2771 124:
236 2706 343 2770 erraui
363 2705 450 2790 quod
468 2707 504 2770 in
521 2705 661 2772 editione
681 2706 789 2791 priore
808 2705 982 2772 deteriores
1001 2727 1051 2772 co·

128 2794 214 2858 dices
238 2798 368 2859 secutus
391 2794 478 2860 hunc
501 2816 631 2860 uersum
655 2797 730 2860 ante
754 2818 785 2860 u.
807 2796 869 2861 123
893 2795 1051 2861 collocaui

128 2882 280 2966 opinatus
303 2905 333 2947 u.
355 2884 418 2949 123
443 2904 462 2946 a
485 2884 596 2966 puella
619 2885 658 2949 ad
678 2905 712 2948 se
734 2883 840 2967 ipsam
863 2883 933 2949 diei.
968 2881 1050 2948 (lon-

127 2970 327 3055 iungendum
346 2975 397 3037 est
417 2970 538 3039 ‘nescio
553 2971 640 3057 quid'
656 2994 729 3039 cum
748 2969 944 3057 ‘profanum'
965 2970 1051 3054 quod

127 3059 296 3124 antecedit

83 3189 113 3231 ιι.
139 3166 217 3231 136:
248 3165 392 3251 cogitaui
419 3164 459 3230 de
482 3166 651 3232 scribendo
668 3165 868 3251 .‘placuisset
890 3164 1052 3243 habebis'‚

127 3254 268 3320 fortasse
287 3275 364 3319 uero
380 3257 504 3319 rectum
523 3277 608 3320 nunc
621 3256 750 3340 repperi
768 3256 803 3320 in
816 3256 846 3321 V
861 3253 982 3319 codice:
1002 3251 1052 3318 ‘fit

129 3343 213 3428 quod
237 3342 398 3428 placuisse
422 3340 501 3429 (scil.
520 3341 595 3428 tibi)
618 3343 765 3410 uidebis?

108 3538 136 3607 1)
154 3534 229 3593 sicut·
247 3534 371 3610 benigne
389 3535 467 3594 mihi
482 3536 631 3594 iudicauit
641 3530 922 3594 nuncupaturus„

1124 3622 1130 3679 l
