2430 3832
102 155 142 217 18
167 154 442 211 PROLEGOMENA
457 155 506 209 AD
522 153 740 211 COMOEDIAM
755 154 803 209 DE
817 154 955 210 Nvuulo
971 156 1113 213 SAGACI.

101 319 120 383 l.
129 323 278 384 28-30:
290 318 437 403 Explicit
450 319 637 403 pamphilus
648 318 686 383 de
696 340 806 383 amore
823 315 827 406 l
843 318 963 405 Incipit
973 320 1114 403 epistola

99 411 276 490 perornata
299 408 464 472 cuiusdam
488 409 628 472 amantis
649 410 654 486 Ι
675 407 716 471 ad
738 408 901 490 quandam
924 409 1077 493 puellam.
1085 407 1111 496 ¹)

165 492 284 580 Locus,
311 518 429 578 annus,
455 495 655 582 typographi
681 517 802 560 nomen
830 519 895 562 non
919 497 1113 584 afferuntur;

97 582 180 648 folia
203 589 279 648 sunt
301 585 421 669 uiginti
440 589 595 668 quattuor
617 584 742 650 formae
761 585 939 670 quadratae
958 607 1111 652 uersuum

97 671 165 736 fere
188 673 345 737 tricenum
369 677 570 756 quaternum.

164 760 263 826 Manu
287 762 417 846 scriptis
441 761 533 826 lihris
558 785 635 827 usus
658 785 727 827 sum
754 762 821 828 his:

166 846 192 914 Β
223 849 323 915 codex
350 849 570 915 Berolinensis
596 850 685 915 Diez.
709 847 744 916 C.
767 849 811 915 4⁰.
840 851 898 933 79,
921 874 1017 936 quem
1040 853 1111 937 ipse

97 939 293 1023 comparaui.
312 937 448 1004 Saeculo
458 938 537 1004 XVI
552 939 701 1003 attribuit
715 943 749 1003 et
763 939 935 1024 descripsit
947 940 1111 1007 Ernestus

96 1024 234 1114 Voig12)
257 1029 292 1092 in
310 1027 473 1092 ‘Kleinere
492 1027 680 1092 lateinische
698 1027 899 1093 Denkmdler
923 1029 979 1093 der
997 1029 1109 1094 'Phiar-

97 1136 175 1201 sage
199 1137 257 1180 aus
282 1116 354 1181 dem
376 1115 449 1180 XII.
473 1116 524 1180 bis
546 1114 632 1180 XlV.
651 1111 888 1182 Jahrhundert’
909 1140 940 1202 p.
963 1118 994 1183 9.
1026 1117 1110 1185 Con-

96 1202 182 1268 feras
205 1208 375 1288 praeterea
402 1205 549 1270 ‘schedas
573 1202 771 1289 philologas’
799 1227 831 1288 p.
857 1206 907 1271 13.
948 1204 1110 1273 Nostrum

97 1313 227 1356 carmen
251 1291 370 1376 legitur
393 1293 428 1356 in
450 1293 506 1358 fol.
530 1289 700 1358 oar-15¹³.

170 1468 196 1533 1)
215 1465 288 1518 Hinc
312 1466 434 1536 corrigas
457 1466 673 1536 descriptionem
692 1466 828 1522 Ludouici
846 1466 922 1521 Hain
944 1468 973 1522 in
994 1469 1110 1539 ‘Reper-

96 1535 162 1590 torii
186 1535 416 1607 bibliographiei'
438 1537 494 1592 nol.
514 1536 540 1590 II
563 1539 636 1607 part.
656 1539 669 1591 I
693 1555 768 1596 num.
790 1544 876 1593 12255
903 1537 1013 1594 collatis
1037 1557 1109 1608 quae

96 1605 155 1661 dixi
172 1607 203 1661 in
222 1607 344 1663 ‘schedis
361 1607 526 1678 philologis’
546 1625 574 1677 p.
594 1613 636 1663 12.

167 1680 194 1748 2)
208 1675 252 1731 Ab
271 1680 325 1739 hoc
339 1680 400 1735 uiro
419 1679 620 1735 humanissimo
634 1681 718 1750 atque
733 1677 895 1734 doctissimo
910 1679 1108 1738 liberalissime

95 1749 222 1804 adiutum
241 1749 465 1819 instructumque
487 1767 613 1806 maesse
635 1751 683 1821 pio
707 1752 843 1806 confiteor
861 1749 954 1806 animo
975 1751 1057 1821 eique
1075 1758 1109 1809 ut

95 1835 261 1946 &trust
278 1820 1109 1949 71991611199119199111911

95 1961 140 2030 (cf.
160 1960 253 2015 sched.
276 1961 345 2030 phil.
369 1981 396 2031 p.
417 1965 463 2032 13)
487 1963 593 2017 editum
615 1962 674 2017 iam
697 1979 758 2018 esse
783 1979 800 2016 a
819 1961 959 2019 Guilelmo
978 1965 1108 2021 Watten·

96 2031 167 2085 bach
186 2029 217 2084 in
236 2029 425 2087 ‘Germaniae'
445 2033 501 2089 nol.
521 2032 585 2087 XIX
604 2035 696 2103 (1874)
714 2051 741 2102 p.
762 2039 867 2088 71-74
887 2051 921 2089 ex
939 2035 1034 2092 codice
1053 2037 1104 2092 Be-

94 2101 145 2156 rol.
165 2101 214 2157 lat.
234 2100 282 2157 fol.
302 2109 344 2158 49.
382 2102 495 2158 Adnolo
513 2103 602 2174 igitur
620 2103 823 2174 discrepantias
841 2104 931 2161 nostri
949 2107 1027 2161 libris
1046 2125 1073 2163 a.
1090 2113 1107 2162 1

94 2171 147 2226 Aio
167 2202 200 2213 -
219 2177 237 2228 7
253 2174 372 2230 iocunde
392 2206 425 2215 —
444 2180 482 2229 16
494 2173 593 2244 pasis?
613 2205 647 2216 -
665 2180 702 2231 21
718 2174 879 2231 cantalenas
899 2207 933 2218 -
950 2181 989 2234 92
1004 2178 1108 2234 ducant

95 2273 129 2284 -
142 2242 385 2314 ancillarumque
399 2275 432 2286 -
447 2251 488 2302 96
498 2249 526 2300 et
539 2263 589 2301 om.
601 2275 635 2290 -·
649 2250 687 2301 37
694 2245 900 2316 penuriarum?
911 2279 945 2288 -
961 2252 996 2304 39
1011 2249 1109 2318 vigent

94 2330 144 2370 om.
164 2345 198 2354 —
218 2318 254 2369 41
268 2319 448 2388 respergatur
468 2348 500 2357 -
520 2321 628 2373 441010
646 2347 681 2358 -
699 2321 736 2372 45
749 2317 942 2388 prandendum
958 2350 991 2358 —
1011 2324 1046 2376 52
1061 2320 1108 2376 sic

95 2416 128 2426 -
148 2388 185 2441 57
199 2384 318 2442 discreto
333 2419 367 2431 -
386 2394 423 2444 58
437 2389 540 2444 Facete
560 2419 594 2430 -
614 2393 650 2444 60
664 2387 737 2442 Hinc
750 2390 792 2459 vt]
808 2388 880 2443 Huic
898 2419 934 2431 -
953 2395 989 2444 64
1002 2391 1105 2447 Fussos

93 2487 128 2496 —
148 2461 185 2513 67
198 2457 312 2527 fragant
329 2490 363 2501 —
383 2465 419 2515 69
434 2459 526 2531 ancia]
546 2460 623 2516 curia
641 2490 674 2500 —
694 2465 731 2515 70
744 2458 891 2515 feminium
906 2490 940 2501 -
956 2466 992 2516 73
1006 2460 1107 2518 Athesi

94 2528 134 2598 et]
155 2529 185 2582 et
202 2529 232 2582 in
252 2560 283 2569 —
304 2530 409 2585 alsacia
433 2559 467 2573 -
491 2536 526 2586 74
544 2533 656 2587 matura
679 2562 712 2571 —
737 2536 774 2587 76
792 2549 855 2586 cum
873 2531 987 2603 puppis]
1006 2533 1106 2602 populi

94 2627 128 2637 —-
147 2603 185 2654 77
202 2616 295 2653 sumus
315 2630 348 2641 -
367 2606 404 2655 63
423 2617 631 2656 concrememus
650 2632 684 2642 -
703 2606 740 2656 84
754 2605 809 2656 heu
827 2632 860 2642 —
880 2607 918 2658 86
932 2603 1057 2658 retendit
1072 2634 1106 2644 -

94 2673 133 2723 87
149 2669 251 2723 festine
270 2700 303 2709 —
323 2676 361 2725 89
379 2671 462 2725 italia
480 2702 514 2713 -
533 2677 570 2727 90
589 2672 666 2742 lipck
686 2703 719 2713 -
737 2677 774 2727 91
793 2672 876 2727 Italia
895 2703 928 2713 -
948 2677 986 2729 99
1000 2675 1105 2730 Volane

94 2769 128 2778 -
142 2744 179 2795 93
194 2739 307 2794 Sociare
326 2771 360 2780 —
378 2746 415 2796 94
429 2741 530 2813 eciam]
546 2742 599 2796 eris
614 2772 647 2783 -
662 2743 784 2813 generis]
801 2742 917 2812 grauis?
931 2773 965 2784 -·
983 2749 1021 2799 96
1035 2746 1105 2799 haut

94 2841 128 2850 -
147 2813 185 2865 98
202 2810 317 2865 inbutus
340 2842 374 2852 -
397 2817 452 2868 166
471 2811 520 2868 sed
537 2814 601 2884 nec]
622 2809 683 2882 1111ο
704 2843 738 2853 -
756 2819 812 2868 106
830 2812 899 2867 Arte
918 2813 1104 2869 humanitatis

93 2879 215 2950 indugeo
230 2913 264 2922 -
278 2887 333 2938 107
345 2883 399 2938 Pro
415 2883 514 2939 solitus
527 2884 568 2952 hc)
579 2885 719 2939 incolatus
738 2913 771 2923 —
790 2888 847 2938 106
861 2884 886 2937 Α
900 2887 1028 2940 materno
1042 2886 1104 2941 foco

93 2953 191 3021 procul
210 2953 284 3007 disto
304 2984 338 2994 -
355 2959 411 3010 109
426 2953 479 3009 Cor
498 2954 648 3009 iocundum
667 2955 748 3024 gesto
767 2984 801 2994 -
821 2959 875 3010 119
888 2953 1012 3010 Tametsi
1030 2973 1106 3012 mar-

93 3024 171 3079 subio
195 3023 310 3093 gradiar
332 3027 421 3080 mesto
449 3057 483 3067 -
512 3031 565 3080 111
588 3027 628 3081 At
655 3025 788 3080 aliorsum
816 3042 901 3095 cogor
922 3025 1051 3095 prosilire
1071 3057 1105 3066 -

94 3098 149 3150 112
165 3093 234 3150 Vale
248 3093 337 3164 hipclr
357 3113 469 3166 semper
487 3099 567 3152 salua
586 3096 648 3153 sies.
668 3127 702 3138 -
721 3095 807 3152 Vides
826 3097 913 3167 igitur
930 3096 1040 3152 nullam
1057 3097 1105 3151 hic

92 3165 153 3219 fieri
166 3166 338 3221 mentionem
348 3166 486 3223 Samuelis
499 3167 585 3238 illius,
600 3185 683 3238 quem
694 3167 851 3223 Samuelem
861 3166 969 3222 Karsch
979 3169 1014 3224 de
1024 3167 1105 3223 Lich-

92 3236 212 3306 tenberg
227 3237 286 3292 siue
303 3238 349 3294 ‘de
362 3241 459 3294 monte
472 3239 570 3294 rutilo'
591 3257 651 3296 esse
668 3238 766 3294 docuit
779 3238 852 3294 Guil.
869 3238 1017 3306 Grecelius‚
1035 3240 1105 3295 olim

92 3308 227 3377 magister
245 3324 332 3378 mens,
351 3326 434 3379 qoem
452 3313 593 3365 mortuum
613 3310 670 3365 iam
689 3326 748 3366 esse
763 3311 845 3366 doleo
862 3307 966 3379 (Germ.
981 3308 1037 3365 nol.
1051 3309 1105 3364 XX

92 3395 120 3447 p.
135 3383 150 3432 7
159 3380 220 3448 sq.).
240 3410 274 3420 -
295 3379 488 3451 ‘Epitaphium
502 3381 667 3437 meretricis'
689 3381 764 3450 quod
781 3382 828 3435 hic
842 3380 926 3450 legis,
946 3383 1104 3435 suntuna

87 3450 145 3498 etr
155 3450 289 3504 carminis
299 3450 359 3505 eius
370 3452 446 3520 quod
456 3452 509 3506 suh
518 3452 604 3508 titulo
616 3451 847 3508 ‘Hermalrodita'
860 3449 975 3506 Carolus
986 3451 1105 3506 Bartsch

66 3511 212 3566 ammeio
239 3519 326 3574 ullus.
348 3540 372 3576 u.
393 3522 494 3580 Halh’
513 3543 540 3596 p.
561 3523 661 3580 LXXI.
