2430 3832
98 189 117 252 6
497 186 710 242 PRAEFATIO.

96 374 185 416 mam
195 351 336 415 mutuati
347 348 933 434 siut7dubitarinequitl—Equidem
944 351 1111 417 interioris

96 441 221 505 formae
240 439 272 503 id
287 443 337 502 est
350 437 504 503 narrandi
519 438 617 503 buius
633 439 760 524 generis
777 438 928 504 Ouidium
944 444 1110 505 auctorem

96 529 197 592 fuisse
218 550 312 612 quam
331 527 471 592 maxime
490 548 574 613 nego
594 531 766 610 propterea
788 527 875 611 quod
893 529 1022 593 nullum
1036 527 1111 593 Oui·

98 617 228 682 dianum
251 638 367 700 poema
390 615 475 680 hune
498 615 534 679 in
556 616 686 680 modum
711 617 930 700 compositum
955 620 1019 702 est,
1046 617 1112 681 nisi

95 705 180 771 forte
206 704 349 770 ostendis
369 702 551 767 ‘Amorum'
575 703 652 768 libri
670 703 722 767 ΙΙΙ
746 705 887 790 elegiam
908 706 938 790 3,
962 727 1045 789 quae
1064 709 1113 769 ta·

95 815 170 858 men
191 814 257 857 non
279 815 412 876 prorsus
435 792 499 856 hue
523 792 661 876 quadrat
684 797 717 857 et
740 815 837 877 quam
861 793 946 859 inter
965 794 1110 859 carmina

95 883 227 947 illorum
252 880 333 945 ‘sine
352 879 461 945 titulo'
484 880 643 946 librorum
663 881 797 946 minime
816 881 851 944 in
870 881 993 947 deliciis
1012 882 1110 947 medii

96 970 168 1035 aeui
192 970 292 1035 fuisse
315 972 403 1053 puto.
440 968 505 1033 Pro
529 970 744 1053 eertoigitur
767 969 981 1034 habeo-aliud
1005 993 1109 1035 exem·

94 1060 186 1143 plum
201 1059 417 1142 quaerendum
434 1079 513 1141 esse,
535 1057 620 1143 quod
635 1057 875 1122 comoediarum
892 1058 1109 1143 elegiacarum

96 1151 243 1213 auctores
268 1146 373 1211 secuti
396 1146 469 1210 sint.
1193 1156 1195 1164 ’

184 1235 306 1299 Earum
337 1233 465 1321 quidem
499 1234 738 1299 comoediarum
771 1257 852 1319 quas
880 1234 1110 1305 Muellenbaoh

94 1323 218 1409 primus
246 1345 311 1388 uno
343 1323 472 1387 nomine
500 1322 744 1407 comprehendit
771 1345 831 1407 par
859 1324 911 1388 uel
940 1324 1047 1388 simile
1075 1325 1110 1388 in

96 1412 238 1496 antiquis
262 1411 382 1477 litteris
404 1410 532 1476 Latinis
555 1433 621 1475 non
644 1411 817 1494 reperitur,
841 1412 898 1476 sed
922 1434 1046 1496 earum,
1070 1435 1110 1477 ex

96 1500 213 1586 quibus
227 1499 288 1565 has
303 1502 391 1565 ortas
407 1521 477 1565 esse
493 1499 653 1565 existimo.
676 1499 817 1564 Exstant
828 1501 913 1565 enim
924 1501 1109 1566 comoediae

95 1590 290 1677 complures,
317 1589 356 1652 de
384 1589 501 1673 quibus
529 1592 596 1653 tres
623 1588 685 1652 hoo
712 1589 783 1653 loco
811 1590 998 1655 tractandas
1028 1589 1110 1654 mihi

95 1677 233 1763 sumpsi,
257 1699 339 1763 quae
363 1681 439 1742 sunt
462 1677 647 1742 ‘denuntio
667 1675 871 1762 sagaoi',.‘de
895 1677 1001 1742 tribus
1019 1679 1106 1763 puel·

93 1765 158 1850 lis',
181 1767 232 1831 ‘de
256 1767 362 1832 tribus
387 1765 505 1832 sociis’.
552 1764 695 1841 Quarum
723 1766 862 1850 primam
892 1788 995 1850 nuper
1023 1767 1109 1831 edidi

93 1855 128 1919 in
151 1855 291 1920 ‘schedis
314 1854 505 1941 philologis’
530 1854 718 1919 Hermanno
738 1854 862 1918 Vsener
881 1855 996 1920 dicatis
1016 1879 1046 1939 p.
1067 1857 1109 1920 10

93 1944 201 2027 -34,
230 1964 328 2026 quam
355 1946 467 2007 tamen
491 1943 596 2007 denuo
622 1948 654 2006 el
676 1946 713 2006 ut
735 1945 815 2026 puto
840 1943 955 2008 melius
980 1965 1017 2008 ex
1040 1944 1110 2029 plu-

93 2031 184 2096 ribus
217 2030 309 2095 libris
337 2029 391 2095 hic
417 2029 561 2114 profero,
597 2029 771 2095 secundam
805 2031 890 2114 quod
923 2031 1023 2098 seiam
1056 2033 1108 2096 his

97 2118 226 2204 quidem
244 2119 446 2207 temporibus
460 2119 585 2203 primus
603 2117 672 2198 edo,
691 2120 824 2183 tertiam
839 2124 953 2205 repeto
968 2143 1007 2185 ex
1021 2120 1109 2186 Hau·

95 2207 198 2273 reauii
222 2211 254 2271 et
272 2207 402 2292 Peiperi
426 2207 633 2272 editionibus,
670 2206 730 2272 His
752 2207 859 2272 tribus
882 2210 1057 2274 comoediis
1075 2209 1109 2273 id

95 2318 265 2362 commune
285 2299 347 2380 est,
371 2295 456 2379 quod
474 2300 572 2379 poeta
590 2317 657 2360 non
676 2299 768 2360 extra
786 2318 854 2360 rem
874 2301 1023 2363 uersatus
1042 2319 1110 2363 car-

95 2407 171 2451 men
197 2386 388 2471 pronuntiat
417 2385 455 2448 de
483 2384 557 2449 aliis
584 2384 785 2471 homiuibus,
818 2385 874 2449 sed
908 2386 946 2450 de
975 2408 1009 2452 se
1037 2387 1049 2450 i
1073 2408 1109 2452 so

95 2474 188 2559 quasi
210 2496 268 2560 per
290 2474 502 2558 monologum
520 2477 645 2558 narrat,
669 2472 747 2557 quid
770 2473 835 2537 sibi
858 2475 1011 2540 euenerit
1048 2409 1109 2540 dui

94 2563 269 2645 monologo
294 2584 458 2627 sermones
482 2562 596 2626 inserti
620 2567 697 2626 sunt
715 2583 825 2628 eorum
845 2564 987 2648 quirem
1006 2566 1109 2648 agunt

94 2654 164 2715 tam
190 2649 294 2714 uiuido
317 2649 428 2728 relati,
453 2655 489 2714 ut
512 2649 597 2714 idem
622 2650 782 2716 efficiatur
806 2651 891 2736 quod
914 2651 949 2715 in
970 2651 1035 2715 illis
1059 2673 1110 2716 co-

95 2738 241 2804 moediis.
286 2736 363 2803 Non
390 2739 492 2822 igitur
523 2738 671 2803 dubitaui
698 2739 779 2804 haec
807 2762 933 2826 quoque
956 2742 1108 2824 poemata

95 2827 336 2894 comoediarum
358 2847 493 2891 numero
518 2827 715 2910 attribuere,'
728 2849 924 2912 quamquam
947 2851 1051 2913 neque
1074 2829 1109 2894 in

95 2939 194 2982 mauu
217 2917 347 2999 scriptis
371 2937 475 2999 neque
499 2916 533 2979 in
551 2916 718 2999 impressis
737 2917 832 2981 libris
852 2918 905 2982 hio
924 2917 1041 2983 titulus
1061 2918 1107 2982 eis

96 3006 241 3071 adiectus
260 3009 318 3070 est.
342 3003 483 3069 Maxime
498 3004 637 3069 fortasse
651 3003 830 3090 miraberis,
850 3005 935 3090 quod
955 3007 1108 3091 exiguum

98 3093 149 3160 ‘de
167 3094 273 3159 tribus
293 3092 402 3159 sociis'
444 3093 618 3159 oematium
638 3094 837 3159 comoediam
855 3095 982 3160 uooaui.
1020 3093 1108 3160 Nam
1174 3147 1177 3153 .

97 3184 182 3268 quod
203 3183 382 3248 Guilelmus
402 3117 564 3268 cloelia)
588 3203 627 3247 ex
647 3179 836 3270 Ganfredil)
860 3184 969 3248 uerbis
990 3183 1107 3269 quibus

95 3273 158 3338 hoc
180 3294 310 3338 carmen
333 3271 522 3336 introducit:

168 3415 194 3478 1)
215 3413 344 3480 beitrage
363 3427 410 3465 zur
429 3407 679 3480 Litteraturgsreh.
699 3408 726 3465 d.
745 3407 927 3465 Mittelalters
946 3408 959 3462 Ι
976 3428 1004 3479 p.
1019 3415 1062 3465 84.

154 3487 186 3542 2)
193 3484 290 3545 poert.
302 3498 367 3537 nou.
381 3500 425 3537 uu.
437 3485 509 3538 1880
519 3497 578 3552 sqq.
591 3505 624 3528 ι-
634 3479 746 3552 Lapsae,
760 3479 879 3536 historia
887 3481 963 3549 poet.
973 3481 1003 3537 et
1015 3495 1107 3550 poem.

58 3544 139 3595 med.
158 3547 235 3598 aeui
245 3566 277 3614 p.
301 3556 362 3605 967,
