2430 3832
480 181 695 242 PRAEFATIO.
833 232 835 235 .
1073 181 1094 247 9

81 349 185 410 tatam
209 367 278 410 esse
298 368 335 410 eo
355 346 566 410 confirmatur
586 344 672 429 quod
691 341 743 409 ‘de
761 345 866 409 tribus
886 344 993 410 sociis'
1013 346 1102 411 duas·

81 434 245 498 habemus·
262 435 395 519 formas,
418 457 435 499 e
454 435 571 518 quihus
595 434 774 518 elegiacam
791 435 1003 499 recentiorem
1022 457 1094 500 esse
1175 438 1178 443 ’

83 523 330 602 demonstrabo⁰¹
361 523 462 588 Aliud
484 523 625 587 fortasse
649 522 833 607 exemplum
850 522 986 606 praebet
1004 523 1095 588 ‘nun-

80 612 146 676 tius
175 610 298 696 sagax',
327 613 417 677 cuius
444 612 728 694 transcriptionem
758 611 996 696 quodammodo
1030 613 1094 676 ele-

82 700 208 785 giacam
241 701 409 765 nominare
445 701 523 765 licet
553 698 794 783 ‘Pamphilum'.
826 737 868 746 —
903 699 1093 765 Proximum

82 788 196 852 deinde
224 793 294 853 erat
321 792 359 853 ut
385 793 483 872 poeta
505 788 726 852 narrationem
750 789 840 853 illam
863 789 1093 873 interpositam

81 899 148 941 non
171 876 210 940 de
229 899 264 941 se
280 877 403 941 faceret
420 877 476 941 sed
495 876 534 940 de
553 876 637 958 aliis,
658 877 724 941 nisi
742 876 828 941 forte
846 877 880 941 id
900 898 1001 963 genus
1021 899 1094 962 pro·

81 965 206 1030 ximum
229 965 412 1049 existimas,
434 967 469 1030 in
492 986 555 1050 quc
578 966 723 1030 narratio
747 966 879 1030 omnino
904 968 1026 1030 omissa
1044 969 1095 1031 est

83 1058 116 1118 et
140 1054 211 1118 sola
233 1054 434 1119 relincuntur
456 1053 617 1136 diuerbia,
646 1053 736 1119 cuius
765 1055 911 1138 exempla
934 1058 1010 1119 sunt
1033 1053 1096 1119 ‘cc-

81 1143 209 1207 moedia
227 1142 397 1209 Babionis'
421 1146 455 1208 et
476 1142 528 1207 ‘de
548 1142 673 1208 clericis
693 1146 726 1206 et
744 1142 890 1209 rustico'.
924 1142 1016 1208 Inter
1034 1143 1095 1207 has

80 1232 287 1316 reliquasque
309 1231 504 1297 ‘comoedias
528 1230 700 1316 elegiacas’
728 1231 870 1296 medium
897 1232 963 1297 fere
986 1232 1095 1296 locum

81 1323 171 1384 tenet
194 1320 418 1405 ‘Pamphilus',
445 1320 501 1405 qui
527 1321 748 1385 narrationem
777 1342 843 1385 non
871 1320 1007 1405 praebet
1030 1319 1097 1384 nisi

81 1409 116 1472 in
138 1409 298 1493 principio
323 1410 447 1494 elegiae
466 1407 532 1473 III:
555 1408 659 1474 ‘Tunc
676 1407 789 1474 Venus
812 1407 939 1493 inquit'.
975 1407 1096 1473 Vtrum

81 1519 159 1562 uero
179 1497 421 1562 comoediarum
439 1497 654 1582 elegiacamm
675 1518 777 1583 genus
795 1498 958 1562 uetustius
977 1497 1030 1582 sit,
1049 1497 1097 1561 di·

81 1585 224 1650 iudicare
247 1607 314 1649 non
336 1587 448 1650 audeo,

172 1672 251 1735 Tria
273 1673 376 1756 igitur
399 1672 637 1737 comoediarum
661 1692 782 1755 genera
804 1669 985 1756 distinguo:

81 1810 84 1815 ,
162 1760 180 1823 I
195 1759 378 1824 comoedias
391 1759 590 1824 Horatianus
609 1760 805 1824 hexametris
820 1761 1003 1842 adstrictas,

148 1847 182 1912 II
198 1848 379 1913 comoedias
402 1847 604 1912 Horatianos
627 1849 798 1934 elegiacas,

131 1936 182 2000 ΙΙΙ
196 1936 380 2002 comoedias
401 1958 483 2021 quae
502 1937 567 2000 iam
587 1937 686 2022 uulgo
702 1937 853 2002 dicuntur
871 1938 1044 2022 elegiacae.

82 2023 115 2089 N
117 2047 134 2090 e
153 2030 264 2091 tamen
282 2027 449 2108 putaueris
468 2028 602 2109 propter
624 2025 711 2090 hunc
730 2026 876 2091 ordinem
895 2049 947 2091 me
965 2031 1098 2092 conten-

83 2114 157 2179 dere
181 2137 208 2178 e.
231 2136 262 2200 g.
290 2113 342 2178 ‘de
369 2114 475 2179 tribus
503 2113 634 2198 puellis'
660 2115 860 2179 comoediam
885 2117 1098 2180 uetustiorem

83 2225 152 2267 esse
170 2202 293 2268 Vitalis
317 2203 492 2268 comoediis
515 2206 573 2268 aut
594 2203 743 2268 tabulam
766 2204 1022 2287 compositurum
1046 2225 1098 2268 me

82 2313 153 2356 esse
176 2314 287 2357 earum
306 2313 389 2376 quae
411 2292 506 2356 nobis
526 2295 674 2356 seruatae
692 2293 745 2356 uel
764 2291 869 2357 adhuc
888 2293 994 2357 editae
1013 2295 1097 2358 sunt.

82 2378 174 2444 Nihil
190 2380 277 2445 aliud
292 2379 364 2445 dico
375 2380 440 2444 nisi
453 2380 540 2445 hunc
550 2401 620 2445 esse
628 2380 773 2444 ordinem
789 2380 1098 2445 transformationis.

81 2466 225 2533 Possunt
242 2490 321 2533 uero
345 2469 467 2533 multae
486 2467 651 2552 interisse,
673 2472 812 2552 possunt
835 2467 1026 2533 uetustioris
1044 2488 1097 2553 ge·

82 2558 169 2621 neris
185 2557 371 2622 comoediae
386 2578 459 2621 cum
473 2555 540 2621 iam
553 2555 685 2621 floreret
695 2556 857 2622 recentius
867 2577 937 2621 esse
948 2557 1097 2641 scriptae.

83 2643 224 2710 Omnino
248 2645 380 2710 tabulas
403 2645 487 2708 tales
510 2644 606 2709 nihili
628 2645 722 2728 facio,
746 2645 899 2730 quoniam
922 2645 1004 2709 mihi
1026 2667 1098 2730 per-

83 2755 215 2799 suasum
239 2737 348 2799 estex
366 2733 526 2814 metricis,
548 2733 758 2817 rhythmicis,
782 2733 944 2799 similibus
967 2734 1096 2799 indiciis

84 2820 122 2885 de
156 2843 268 2887 eorum
301 2821 430 2906 quidem
461 2826 646 2905 temporum
680 2823 811 2908 scriptis
838 2822 922 2886 nihil
949 2823 1099 2888 concludi

84 2930 190 2993 posse.
231 2909 345 2974 Veluti
366 2909 513 2975 Vitalem
535 2915 667 2994 poetam
692 2915 807 2976 octauo
831 2912 959 2976 saeculo
982 2911 1099 2976 tribuit

82 2997 275 3082 Rudclphus
293 2998 410 3082 Peiper
429 3000 563 3083 propter
581 2999 752 3064 elisionum
772 3023 876 3064 usum.
907 2997 1001 3065 Nihil
1019 3020 1098 3064 uero

84 3109 123 3151 ex
144 3109 181 3151 eo
200 3086 371 3170 probabile
391 3086 543 3172 efficitur,
566 3088 726 3172 siquidem
744 3088 944 3174 permultum
962 3088 1099 3153 interest

84 3176 160 3259 quid
184 3176 306 3260 singuli
334 3178 481 3241 auctores
503 3176 677 3241 didicerint
705 3200 725 3240 a
748 3176 930 3263 magistris,
959 3197 1097 3260 quorum

83 3265 266 3330 doctrinam
294 3264 443 3328 omnibus
475 3264 556 3328 locis
586 3287 644 3348 per
671 3268 778 3330 totum
808 3264 949 3328 medium
979 3286 1096 3329 aeuum

84 3353 220 3417 eandem
243 3353 343 3417 fuisse
365 3374 460 3418 nemo
483 3356 564 3437 puto
584 3354 766 3418 contendet.
793 3391 830 3401 —
856 3352 902 3417 At
926 3354 980 3436 qui
1003 3353 1099 3418 tabu-

83 3442 148 3505 lam
183 3444 234 3507 est
262 3442 518 3527 compositurus,
550 3442 643 3528 prius
672 3443 714 3506 in
738 3442 897 3526 singutas
926 3437 1130 3500 compellas

84 3529 329 3598 accuratissime
353 3531 504 3621 inquirat
522 3553 730 3621 semperque
743 3526 997 3595 rem'uixsoa‘eux
1016 3508 1164 3590 asssffi‘
