2430 3832
196 961 363 1032 Praefanti
382 961 464 1030 mihi
483 961 521 1031 de
541 961 653 1032 ‘trium
672 960 865 1047 puellasum'
890 961 976 1031 libro
1000 961 1143 1046 primum

127 1053 295 1118 fatendum
319 1056 368 1117 est
391 1073 494 1136 paene
522 1048 608 1119 nihil
634 1072 687 1117 me
710 1051 792 1119 scire
816 1050 855 1116 16
883 1050 944 1120 hac
968 1051 1142 1120 comoedia.

127 1141 219 1208 Nihil
244 1141 310 1207 scio
330 1141 370 1206 da
389 1141 527 1226 origine,
551 1140 678 1224 quando
699 1143 755 1205 aut
777 1139 834 1209 ubi
853 1143 910 1208 aut
928 1162 992 1225 quo
1012 1144 1142 1210 auctore

131 1231 171 1295 ad
189 1232 294 1299 lucam
314 1229 481 1313 prodierit,
498 1229 590 1297 nulla
608 1227 749 1314 uestigia
767 1229 898 1314 repperi¹
915 1229 1028 1312 quanti
1047 1229 1141 1296 aesti-

127 1323 252 1385 matum
277 1319 321 1382 sit
343 1319 496 1386 lasciuius
516 1318 578 1383 hoc
597 1339 714 1400 poema
733 1317 902 1402 magisque
922 1318 1013 1383 olens
1033 1317 1141 1386 imita.-

125 1407 248 1474 tionem
283 1429 377 1490 quam
413 1406 468 1473 ‘de
496 1405 611 1471 nuntio
645 1404 772 1489 sagaoi'
806 1404 982 1475 comoedia.
1033 1403 1141 1473 Medio

127 1516 207 1560 aeuo
237 1493 344 1558 minus
375 1494 536 1578 placuisse
564 1494 707 1577 uidetur,
738 1514 797 1558 nos
826 1496 853 1562 si
884 1495 992 1577 ipsum
1025 1515 1143 1576 poema
1208 1560 1212 1567 ,

129 1586 315 1667 spectamus
335 1582 437 1667 pluris
458 1581 704 1651 aestimabimus
722 1603 819 1665 quam
838 1583 965 1665 puellae
984 1584 1017 1647 et
1035 1580 1142 1650 nuntii

127 1671 245 1755 longos
260 1670 336 1734 illos
352 1670 512 1756 dialogos,
526 1671 674 1753 quamuis
685 1670 821 1737 multum
837 1669 974 1737 afferant
988 1667 1028 1736 ad
1043 1667 1141 1735 madii

127 1759 199 1824 aeui
223 1759 381 1826 sermonis
404 1759 565 1823 notitiam.

192 1847 246 1912 Ad
273 1850 399 1914 textum
428 1846 635 1916 statuendum
658 1850 725 1914 tres
750 1845 885 1915 adhibui
908 1845 1023 1916 libros:
1046 1844 1079 1911 H
1107 1850 1142 1913 et

125 1934 170 2019 M,
189 1936 359 2025 dequibus
375 1936 567 2023 conferasp.
590 1936 730 2021 13-18,
748 1939 781 2003 et
799 1934 941 2004 codicem
957 1934 1140 2004 Parisinum

124 2027 180 2093 lat.
192 2024 298 2095 ‘fonds
309 2026 364 2090 des
378 2025 545 2092 nouvelles
557 2023 769 2111 acquisitione
780 2023 993 2113 petitformat
1003 2046 1052 2093 ur.
1063 2024 1139 2089 153'

127 2136 210 2179 saec.
233 2113 305 2179 XV.
356 2111 459 2189 Quem
487 2112 626 2197 benigne
653 2112 735 2206 mihi
763 2113 918 2178 indicauit
944 2112 1141 2195 liudolphus

124 2202 254 2286 Peiper‚
278 2225 350 2267 cum
375 2201 500 2266 schedis
524 2202 604 2264 meis
624 2201 763 2265 contulit
781 2201 981 2290 Hippolytus
1000 2199 1139 2266 Loiseau

126 2291 258 2356 amicus.
299 2289 436 2377 Legitur
460 2310 589 2355 carmen
613 2289 648 2353 in
670 2289 726 2358 fol.
750 2285 924 2358 eth—36¹³
949 2289 1018 2352 sine
1040 2288 1139 2355 titulo

126 2400 199 2443 cum
218 2378 472 2460 subscriptione:
490 2375 650 2465 ‘Explicit
664 2375 799 2444 Ouidius
819 2377 918 2445 trium
935 2375 1139 2465 puellarum?

124 2465 194 2532 Hos
214 2475 279 2530 tres
299 2467 400 2530 libros
421 2465 583 2530 artissime
604 2466 774 2530 cohaerere
793 2464 867 2529 inde
887 2468 1032 2549 apparet,
1052 2464 1138 2550 quod

124 2577 176 2620 uu.
201 2555 253 2618 67.
279 2555 350 2618 124.
377 2553 765 2619 189203111011111111116
789 2553 905 2618 desunt
929 2553 1054 2618 lacunis
1073 2576 1140 2619 non

125 2642 286 2707 indicatis.
330 2640 448 2707 Mende
474 2642 577 2730 igitur
604 2642 655 2706 his
684 2642 868 2710 communia
892 2664 930 2706 ex
953 2643 1139 2709 coniectura

126 2731 275 2814 supplere
295 2730 391 2795 debui
409 2753 475 2796 non
494 2752 607 2814 pauca,
629 2753 742 2796 uersus
763 2730 948 2815 deperditos
966 2732 1138 2796 restituere

126 2818 300 2902 supersedi.
341 2855 378 2870 -
416 2819 591 2886 Praetores
621 2819 792 2905 legebatur
825 2820 992 2886 comoedia
1024 2821 1139 2884 nostra

126 2908 224 2972 etiam
244 2907 279 2971 in
297 2907 406 2972 codice
425 2908 482 2973 illo
501 2907 812 2993 Bordesholmiensi‚
836 2931 931 2992 quem
950 2908 1015 2973 dixi
1033 2930 1064 2991 p.
1085 2906 1136 2972 19.

190 2995 229 3061 In
247 2995 311 3062 hoo
329 2997 473 3065 carmine
492 3018 624 3065 caesura
644 2997 874 3082 semiquinaria
894 3000 944 3065 est
962 2996 1058 3080 louge
1076 2994 1138 3060 ire-

124 3084 352 3170 quentissima3
383 3084 648 3171 semiseptenaria
680 3085 852 3151 coniuncta
880 3106 953 3151 cum
981 3082 1137 3152 incisione

122 3178 199 3258 post
222 3174 358 3241 tertiam
381 3173 570 3243 trochaeum
593 3172 684 3242 facta
707 3177 815 3242 exstat
836 3174 871 3242 in
889 3195 941 3240 uu
962 3174 990 3237 7.
1016 3173 1068 3240 11.
1085 3170 1137 3238 55.

124 3263 175 3329 57.
201 3263 252 3330 19.
282 3264 355 3332 131.
382 3264 454 3330 151.
473 3264 553 3346 221,
580 3261 648 3330 sine
675 3262 733 3330 illa
761 3261 919 3330 incisione
944 3261 980 3329 iu
1008 3283 1060 3328 uu.
1087 3260 1137 3325 19.

125 3352 176 3419 21.
203 3351 275 3419 105.
319 3351 432 3419 Etiam
454 3351 488 3419 in
518 3375 549 3418 u.
575 3350 637 3417 119
662 3372 836 3419 caesuram
859 3371 937 3417 ause
955 3348 1155 3418 semme·

123 3440 263 3526 nariam,
290 3441 340 3506 ita
368 3443 406 3508 ut
434 3440 469 3508 in
498 3463 608 3509 unum
635 3440 867 3525 coiiiuauatui
888 3434 987 3498 *xm
1004 3431 1047 3570 ἓ
1064 3416 1169 3480 ml
1185 3453 1200 3482 1
