2430 3832
440 223 489 277 na
508 221 641 278 ramas
660 221 820 276 Pvnums
991 280 992 284 i
1026 225 1029 234 “
1091 221 1134 286 93
1171 184 1186 221 ⁸

122 387 231 452 Vbera
256 407 351 470 saepe
375 385 443 449 suis
465 384 555 450 zonis
580 385 738 449 strinxere
763 384 900 466 puellae,

167 475 313 560 Turgida
335 495 473 558 namque
495 473 593 537 nimis
618 472 810 557 displicuere
833 470 927 554 uiris3

124 563 187 628 Sed
209 584 276 627 non
299 563 384 626 inter
408 584 462 627 eas
486 566 535 626 est
557 562 638 627 haec
661 561 830 625 referenda
853 559 970 644 puella,

167 651 278 716 Vbera
300 673 416 734 nempe
440 651 522 715 satis
546 672 648 733 parua
669 649 759 714 fuere
783 648 854 713 sibi.
1149 666 1175 708 so

122 738 257 804 Balteus
280 738 434 824 insignis,
457 740 594 823 gemmis
618 738 770 803 stellatus
795 740 828 802 et
851 758 939 818 auro,
985 734 1001 782 ‘-

167 827 329 912 Cingebat
352 827 501 893 dominae
524 848 663 910 corpora
680 830 781 910 ¹grata
804 846 904 889 meae.

124 915 260 1000 Singula
285 915 362 998 quid
385 914 545 979 referam?
589 913 623 980 si
648 915 778 999 singula
801 935 946 997 quaeque
970 912 1135 996 referrem,

113 1004 116 1012 '
166 1002 244 1068 Non
266 1007 346 1088 puto
370 1003 572 1088 sufficerent,
593 1004 649 1067 uix
672 1007 750 1087 puto
774 1002 862 1066 mille
886 1002 962 1066 dies,

125 1092 160 1157 si
184 1116 248 1176 qua
270 1092 388 1176 latent,
411 1092 546 1157 meliora
569 1092 649 1157 satis
674 1094 751 1155 sunt
774 1091 924 1156 omnibus
948 1089 1023 1173 illis,
1148 1106 1175 1148 ss

168 1179 251 1245 Cum
276 1182 342 1245 scio
366 1203 426 1264 pro
450 1185 552 1260 certo,
576 1181 662 1264 quod
686 1179 821 1245 meliora
843 1180 958 1262 latent.

124 1269 207 1345 Quid
229 1269 392 1334 facerem?
439 1268 515 1334 Non
539 1291 636 1334 ausus
660 1291 750 1333 eram
772 1268 861 1351 prius
887 1290 923 1333 os
948 1266 1086 1351 aperire3

168 1357 239 1422 Nos
263 1358 388 1441 aperire
412 1360 521 1421 tamen
546 1380 603 1423 ora
626 1359 733 1440 coegit
756 1379 857 1438 amor,

127 1444 208 1510 Cum
232 1445 312 1509 dixi:
336 1445 431 1510 Salue
455 1445 611 1511 comitum
633 1446 747 1529 regina
769 1449 909 1528 tuarum,

167 1533 304 1598 Femina
328 1533 397 1597 siue
422 1533 480 1598 dea
503 1534 602 1618 digna
626 1532 731 1598 salute
754 1556 835 1597 mea.
1136 1534 1175 1589 'sc

125 1621 300 1686 Salucntur
323 1622 446 1705 pariter
469 1622 603 1686 comites
627 1643 709 1705 quae
732 1625 764 1684 te
788 1620 995 1698 comitantur,

168 1709 197 1773 Ε
221 1703 337 1795 quilius
361 1732 425 1774 una
449 1711 554 1794 magis
578 1713 615 1773 tu
639 1709 733 1792 mihi,
756 1709 864 1793 uirgo,
885 1708 1004 1790 places.

124 1797 217 1873 Quod
240 1799 269 1862 si
291 1820 351 1863 uos
376 1799 502 1882 aliquae
524 1798 657 1882 rapiunt
680 1797 720 1861 ad
743 1798 849 1882 iurgia
872 1817 996 1881 causae,

168 1886 290 1951 Iudicio
315 1886 466 1951 dirimam
489 1887 597 1970 iurgia
619 1891 729 1950 uestra
752 1907 834 1952 meo.

77 2026 79 2030 s
124 1974 281 2040 Iudicium
303 1979 453 2040 nostrum
476 1975 600 2041 debetis
623 1974 692 2039 iure
716 1975 835 2061 subire,
1151 1989 1176 2030 6⁵

169 2063 254 2128 Nam
277 2068 369 2148 patet
391 2064 531 2150 ingeniis
555 2086 607 2128 ars
630 2066 717 2130 bona
741 2085 886 2148 quaeque
910 2062 1001 2127 meis.

169 2241 239 2306 Nec
262 2263 328 2306 non
351 2246 384 2306 et
407 2244 520 2306 cantus
544 2240 698 2305 edocuere
721 2262 820 2307 meos
953 2316 954 2320 Ἰ

124 2329 279 2394 Protinus
304 2329 414 2394 audito
439 2330 477 2392 de
501 2331 598 2392 cantu
620 2328 840 2413 prosiluerunt
957 2377 960 2381 .

168 2418 214 2483 Et
237 2440 312 2483 mox
336 2423 480 2501 quaeque
504 2415 606 2480 ‘meus
630 2414 762 2480 arbitcr'
785 2415 893 2499 inquit
915 2413 1011 2479 ‘eris'.
1152 2432 1178 2471 το

128 2504 352 2590 Conspicimus
375 2509 506 2589 gratum
528 2503 657 2568 florenti
680 2503 828 2589 gramine
851 2506 991 2588 pratum,

172 2593 253 2660 Oum
276 2593 339 2657 fuit
361 2594 395 2656 in
418 2593 523 2658 medio
548 2614 682 2676 quercus
706 2595 739 2656 et
762 2593 879 2657 umbra
901 2591 982 2656 loco.

130 2801 227 2874 nimis]
242 2801 365 2856 minusP
382 2834 413 2842 -
429 2802 520 2873 quial]
531 2819 603 2871 quae
618 2803 692 2870 libri,
706 2818 776 2857 corr.
787 2802 934 2857 Buecheler
949 2833 981 2842 -
997 2806 1034 2856 48
1043 2801 1126 2855 nimis

131 2873 222 2928 minus
232 2872 254 2925 P
264 2904 297 2913 -
307 2872 388 2944 uiris]
399 2872 459 2928 vias
472 2872 495 2927 P
514 2904 549 2915 —
567 2878 603 2928 51
616 2872 748 2945 insignis]
763 2871 888 2944 insegnis
902 2872 933 2925 M
952 2903 986 2912 -
1006 2877 1043 2927 56
1057 2871 1127 2927 Cum

131 2942 255 3012 Cumque
264 2944 292 2997 Ρ.
301 2975 334 2984 -
350 2944 438 3015 quod]
452 2942 538 3012 quaP
555 2975 589 2984 -
604 2949 641 2999 58
653 2945 712 3015 ora]
729 2959 776 2998 ore
785 2944 812 2997 H
825 2974 860 2984 -
875 2948 910 3000 59
923 2944 993 2998 Cum
1002 2944 1043 2996 M:
1059 2940 1139 2996 Cum·

131 3032 185 3082 que
198 3015 254 3070 ΗΡ
269 3046 302 3054 -
318 3020 355 3070 60
369 3015 498 3087 Femina]
512 3015 601 3069 feram
615 3014 638 3067 P
652 3046 685 3055 -
700 3014 799 3085 digna]
814 3015 899 3094 digne
913 3015 940 3068 H
953 3045 988 3054 -
1005 3017 1039 3067 61
1056 3029 1126 3081 quae

132 3086 212 3154 quiP
226 3115 259 3126 —
276 3090 313 3141 62
323 3086 425 3209 uirgo}³
431 3086 512 3154 virga
520 3087 546 3138 H
557 3116 590 3126 -
605 3089 642 3140 63
652 3086 763 3154 aliquae
772 3084 810 3141 P:
824 3084 923 3153 cl1qua
930 3085 959 3138 M
977 3083 1102 3152 aliquam

131 3188 166 3199 -
184 3156 287 3227 iurgia]
300 3156 394 3224 turpia
440 3187 473 3198 -
489 3157 602 3228 causae]
618 3173 677 3211 esse
692 3158 758 3211 libri
772 3185 806 3196 -
822 3161 857 3211 64
872 3154 1015 3225 dirimam]
1031 3153 1140 3209 diruam

131 3229 191 3282 HM
205 3229 328 3282 dirruam
337 3225 360 3278 P
373 3243 442 3282 corr.
453 3227 600 3283 Buecheler
613 3259 646 3267 —
663 3232 699 3282 65
709 3225 818 3282 debetis
828 3225 900 3297 iure]
911 3227 1012 3280 dentur
1022 3223 1109 3280 michi
1118 3224 1141 3278 P

129 3329 164 3340 -
184 3303 222 3354 66
240 3297 297 3368 ars]
317 3314 417 3366 arsque
436 3298 458 3350 P
477 3329 511 3338 -
530 3297 669 3368 quaeque]
689 3314 742 3364 que
760 3296 783 3351 P
806 3328 840 3337 -
867 3302 904 3353 66
922 3297 982 3352 Nec
999 3296 1067 3367 non]
1086 3297 1140 3351 Ra·

130 3368 208 3424 tione
221 3368 244 3422 P
264 3401 296 3409 -
317 3373 353 3424 69
367 3368 568 3452 prosiluerunt]
582 3367 763 3449 prosilierupt
776 3369 805 3421 M
819 3398 853 3407 —
872 3373 910 3448 7.⁰
923 3367 959 3448 Et
972 3368 1011 3450 Px·
1026 3367 1065 3421 At
1082 3366 1143 3449 ῌΜ

132 3470 167 3549 Ξ
182 3437 1206 3598 retrudatstauratius?sterterent&

118 3595 269 3648 posueram
290 3584 492 3658 ‘conspicitur'
518 3619 554 3629 -
575 3582 732 3659 grammat
749 3577 892 3652 gramma
899 3569 983 3624 tarsu
1001 3591 1037 3601 -
1050 3562 1103 3609 '12
