2430 3832
90 165 133 231 10
486 162 704 224 PRAEFATIO.

91 327 125 391 in
152 327 213 391 hac
240 328 425 392 litterarum
452 330 528 390 area
560 324 753 390 modestiam
787 325 1102 409 temperantiamque

90 415 230 481 maxime
263 438 332 480 esse
365 414 593 498 necessariam,
627 415 703 498 quia
734 415 905 498 perpaucis
939 413 977 478 de
1005 414 1102 480 rebus

90 504 194 569 adhuc
222 509 310 570 certa
333 507 493 570 constant.
540 502 603 568 Sed
626 503 707 568 haec
731 524 858 586 quoque
882 507 1102 586 monumenta,

89 614 172 678 quae
191 593 441 678 diligentissime
460 595 649 677 tractentur,
666 591 739 656 ideo
759 591 898 656 maxime
918 591 1014 676 digna
1032 612 1102 655 esse

90 684 180 767 puto,
204 682 280 765 quia
304 703 377 746 cunr
400 681 482 744 nihil
504 680 742 766 neglegendum
766 679 810 744 sit
834 679 920 763 quod
944 680 1102 744 conducat

91 770 131 834 ad
145 770 316 835 historiam
326 769 460 834 humani
472 769 595 854 ingenii
604 770 871 855 cognoscendam,
879 767 959 832 haec
970 768 1102 832 minime

88 859 220 944 neglegi
239 858 366 942 debent,
386 879 467 943 quae
482 879 635 943 maguam
648 862 776 942 partem
795 856 1008 921 fundamenta
1027 860 1103 921 sunt

89 946 273 1012 litterarum
301 947 568 1032 germanicarum.
614 944 707 1021 Quod
735 944 909 1010 Vdalricus
938 945 976 1009 de
1001 945 1102 1010 Wila-

89 1035 220 1101 mowitz
239 1036 317 1100 dicit
326 1034 364 1122 1),
384 1035 446 1100 ‘die
465 1034 716 1100 charahteristik
734 1055 800 1099 von
814 1033 871 1098 stil
886 1033 950 1098 und
965 1033 1102 1118 sprache

162 1124 320 1189 erfordert
344 1124 425 1189 auch
448 1124 533 1188 noch
552 1123 622 1188 eine
641 1123 720 1187 stille
738 1143 804 1188 von
821 1122 1103 1207 beobachtungen,

89 1213 375 1297 untersuchungen
405 1213 472 1276 und
502 1211 702 1276 namentlich
731 1211 1019 1296 vergleichungen,
1050 1211 1102 1275 die

89 1299 168 1365 heut
192 1323 230 1363 zu
253 1304 330 1386 tage
352 1322 414 1365 nur
436 1300 489 1365 fiir
512 1301 563 1365 die
583 1299 929 1386 geschmacklosigkeit
952 1299 1017 1363 und
1041 1298 1104 1364 den

91 1387 291 1471 stumpfsinn
310 1389 366 1452 der
385 1389 592 1475 gesunkenen
611 1388 758 1454 latinitat
777 1388 952 1472 angostellt
966 1387 1103 1471 werden,

89 1476 193 1542 denen
207 1498 241 1541 es
257 1477 434 1563 allerdings
448 1478 585 1543 leiohter
598 1479 642 1542 ist
652 1477 822 1562 congenial
831 1499 871 1540 zu
881 1475 971 1559 sein',
985 1476 1103 1540 uellem

88 1564 264 1630 iudicasset
283 1588 381 1650 quam
400 1588 475 1630 uere
495 1570 562 1630 tam
581 1566 746 1630 beneuole.
784 1564 934 1632 Ceterum
954 1564 1102 1648 equidem

88 1652 173 1718 facio
205 1655 282 1719 cum'
308 1654 465 1719 Mauricio
493 1654 606 1740 Haupt
633 1655 705 1719 uiro
735 1654 895 1719 mehercle
924 1653 1103 1737 philolog0,

92 1743 148 1826 qui
166 1743 200 1807 in
214 1742 416 1827 praefatione
430 1744 590 1808 rarissimi
608 1743 697 1808 illius
715 1743 794 1807 libri
808 1741 980 1826 ‘Exempla
994 1742 1102 1825 poesis

90 1831 212 1895 latinae
236 1831 335 1896 medii
359 1831 439 1897 aevi'
469 1832 546 1897 dicit
574 1831 665 1897 haec:
697 1830 798 1908 ‘Quae
822 1854 842 1896 a
863 1831 1027 1917 plerisque
1052 1830 1101 1894 de-

91 1919 230 2002 spicatui
257 1919 419 1984 habentur
446 1920 590 1985 carmina
617 1920 715 1985 medii
740 1919 812 1984 aevi
832 1920 948 2004 latina,
976 1941 1013 1983 ea
1035 1940 1102 1982 non

90 2006 224 2090 indigna
244 2029 314 2071 esse
333 2008 531 2073 accuratiore
551 2011 583 2072 et
601 2009 746 2092 pleniore
770 2007 955 2092 cognitione
974 2010 1006 2071 et
1025 2007 1103 2071 olim

89 2094 221 2159 fuerunt
240 2095 295 2181 qui
313 2095 415 2180 probe
433 2096 656 2181 intelligerent
672 2099 704 2160 et
717 2117 821 2180 nuper
834 2095 1099 2160 memorabilibus

90 2183 265 2248 admodum
289 2184 443 2268 exemplis
463 2183 637 2270 Isengrimi
654 2185 872 2268 Reinardique
892 2185 996 2249 denuo
1015 2188 1103 2267 pate-

89 2270 212 2336 factum
236 2276 286 2336 est
305 2322 311 2336 .
330 2294 397 2337 non
420 2272 555 2338 deerunt
583 2274 639 2359 qui
661 2273 873 2338 nihilominus
898 2294 1027 2338 omnem
1051 2295 1103 2338 cu·

89 2381 160 2424 ram
179 2361 230 2425 his
250 2361 448 2427 carminibus
467 2361 648 2446 impensam
666 2362 793 2427 futilem
809 2365 905 2446 atque
919 2362 1103 2426 indecoram

89 2449 291 2534 existiment,
314 2450 479 2517 tralaticia
503 2472 637 2537 graecae
656 2472 872 2535 romanaeque
896 2450 1101 2533 antiquitatis

90 2537 306 2603 admiratione
325 2539 372 2602 ita
386 2539 481 2623 quasi
495 2541 654 2606 occaecati
672 2544 709 2605 ut
728 2541 763 2604 in
775 2541 1002 2626 plerorumque
1019 2538 1102 2603 anti-

91 2646 228 2708 quorum
260 2630 430 2710 poetarum
462 2628 640 2694 latinorum
667 2629 891 2694 mediocritate
922 2626 1018 2692 facile
1051 2648 1102 2691 ac-

90 2714 257 2796 quiescant
277 2715 329 2779 vel
349 2715 547 2781 delectentur
565 2717 645 2782 adeo
665 2740 703 2782 ea
722 2717 870 2802 mirifice,
894 2737 1101 2799 quaecunque

90 2805 198 2867 autem
222 2802 327 2867 medio
352 2823 431 2868 aevo
459 2805 571 2870 latinis
595 2806 740 2871 versibus
765 2807 886 2891 scripta
909 2809 986 2870 sunt
1008 2805 1102 2870 uehe-

89 2896 215 2975 menter
238 2892 348 2957 omnia
370 2891 559 2958 fastidiant?

162 3085 188 3152 1)
207 3083 354 3153 Euripides
373 3084 509 3140 Herakles
528 3084 585 3155 lp.
607 3091 649 3141 39.
