2430 3832
516 156 634 212 CAPVT
652 157 673 214 Ι.
1061 158 1101 221 17

85 321 157 387 siue
182 342 297 386 sonare
320 325 442 405 queant
464 319 624 407 (Explicit
644 319 649 404 Ι
673 318 792 404 Incipit
813 317 893 384 Vita
916 318 1035 404 Ouidij.
1061 355 1099 368 -

86 410 128 476 F.
150 410 207 476 32ὸ
228 430 364 475 mercum
386 415 439 475 est

154 498 205 563 De
229 498 354 582 origine
377 497 473 564 huius
497 498 575 563 libri
599 498 679 563 certi
703 497 877 582 quidquam
901 496 1101 584 inuestigare

87 585 572 760 lltlli‘imlltlllslulllm
591 608 710 740 tlt
729 584 1103 740 tllbdblhtlt

87 800 134 813 -
157 763 319 848 originem
341 764 463 828 indicat
484 763 760 848 francogallicam.
796 763 888 828 Inter
911 767 1102 827 ornamenta

87 851 612 1025 {lhtllhffltltlltl
628 851 1102 1005 {thibadbbtltb

87 1027 441 1094 Bdchcr-Ornamentik
464 1028 520 1093 der
537 1026 764 1093 Renaissance'
784 1029 851 1096 tab.
870 1031 913 1094 70
936 991 1102 1112 sumptum

88 1139 128 1182 ex
155 1117 254 1200 libro,
283 1118 339 1202 qui
366 1117 489 1202 prodiit
512 1139 551 1181 ex
573 1115 733 1180 Matthiae
758 1114 918 1182 Schuerer
942 1116 1103 1203 Argento-

88 1206 229 1271 ratensis
253 1206 390 1271 officina.

156 1293 245 1370 Quae
264 1295 461 1378 generaliter
480 1293 546 1356 dixi
564 1293 603 1356 dc
620 1292 684 1359 hoc
701 1293 796 1380 libro,
816 1295 927 1360 eadem
947 1295 1011 1360 dici
1029 1317 1102 1379 pos-

89 1385 166 1446 sunt
189 1382 228 1446 de
251 1382 335 1447 libro
359 1382 415 1466 qui
439 1382 594 1466 sequitur.

157 1466 190 1534 Μ
221 1471 385 1555 exemplar
413 1470 564 1535 editionis
592 1471 736 1536 eiusdem
765 1472 833 1535 fere
857 1473 988 1555 aetatis,
1016 1472 1101 1556 quod

89 1563 277 1623 asseruatur
304 1558 339 1622 in
364 1559 566 1624 bibliotheca
593 1560 685 1643 regia
707 1558 895 1625 Monacensi
923 1560 1100 1646 subsigno

89 1645 164 1711 ‘inc
182 1669 207 1712 s.
227 1670 253 1712 a.
276 1645 384 1732 1379’‚
402 1647 487 1711 unde
506 1645 684 1712 liberaliter
701 1644 765 1710 huc
783 1649 1012 1712 transmissum
1031 1650 1101 1732 ipse

88 1736 222 1800 excussi.
261 1735 352 1799 Inter
370 1736 464 1820 signa
483 1757 564 1819 quae
583 1734 706 1798 chartis
725 1734 884 1817 impressa
902 1739 977 1800 sunt
995 1736 1100 1801 lilium

87 1844 227 1889 coronae
251 1823 415 1888 subditum
439 1827 472 1888 et
496 1823 654 1889 bouillum
679 1826 777 1906 caput
800 1823 911 1887 eadem
934 1824 1001 1888 fere
1025 1829 1102 1889 sunt

88 1915 187 1997 atque
210 1912 245 1977 in
266 1911 313 1996 H,
336 1913 535 1996 reliquorum
558 1933 636 1976 uero
658 1948 696 1958 -
718 1932 856 1976 coronae
880 1916 913 1976 et
936 1912 1039 1977 crucis
1059 1951 1101 1959 —

88 2002 238 2085 exempla
262 2001 434 2066 admodum
459 2000 580 2066 similia
601 2005 732 2085 praesto
757 2000 839 2065 mihi
861 2023 928 2066 non
951 2005 1035 2066 sunt.
1058 2039 1100 2049 —

87 2088 225 2174 Titulus,
248 2090 487 2174 inscriptiones,
511 2090 767 2175 subscriptiones
790 2090 944 2174 leguntur
966 2091 1041 2155 hae:

154 2179 195 2243 F.
211 2184 245 2243 1“
264 2179 327 2243 tu:
346 2178 453 2263 Ouidij
473 2179 606 2244 nasonis
625 2182 721 2261 poete
736 2177 958 2243 Sulmonensis
979 2179 984 2264 Ι
1004 2178 1102 2245 Liber

88 2267 127 2331 de
150 2267 256 2332 tribus
279 2267 399 2351 puellis
427 2272 460 2331 et
483 2267 662 2331 denuncio
691 2265 696 2349 Ι
726 2265 918 2350 Pamphilus
940 2271 1039 2350 poeta
1062 2268 1101 2332 de

88 2376 198 2421 amore
222 2355 348 2440 (sagaci
362 2393 407 2403 -
420 2376 511 2438 super
533 2355 588 2420 boc
610 2355 698 2419 titulo
716 2355 799 2420 alius
818 2354 942 2419 chartae
959 2355 1102 2421 schedula

85 2445 154 2527 fisa
177 2448 221 2510 est
242 2464 312 2510 cam
329 2445 384 2510 hoc
402 2445 501 2510 iudice
518 2444 698 2527 copiosiore:
722 2441 857 2507 Ouidius
875 2443 1009 2508 nasonis
1030 2442 1101 2509 Sul·

86 2533 254 2598 monensis
276 2537 375 2616 pocta
398 2533 437 2597 de
460 2532 564 2597 tribus
588 2531 705 2618 puellis
726 2530 730 2614 Ι
752 2529 887 2595 Ouidius
905 2530 1037 2597 nasonis
1062 2532 1101 2597 de

87 2621 199 2707 sagaci
221 2622 338 2687 nuncio
359 2624 364 2702 Ι
385 2620 520 2686 Ouidius
544 2621 674 2686 nasonis
697 2619 736 2683 de
758 2618 865 2705 pulice
886 2619 891 2703 Ι
910 2619 1101 2705 Pamphilus

86 2713 185 2793 poeta
206 2710 245 2775 de
264 2732 373 2775 amore
394 2708 399 2797 Ι
418 2709 572 2794 Epistola
586 2707 745 2773 amatoria
758 2708 892 2774 metrice
907 2710 1100 2794 conscripta.

90 2834 129 2845 -
164 2798 204 2862 F.
227 2801 278 2864 2⁰:
312 2796 418 2883 Ouidij
451 2799 582 2863 nasonis
616 2795 839 2863 Sulmonensis
872 2803 968 2883 poete
1000 2799 1101 2863 trium

86 2884 228 2973 pusillas
250 2885 349 2951 Liber
370 2888 494 2972 incipit.
518 2923 559 2934 —-
584 2885 622 2951 F.
642 2891 693 2952 6“:
720 2885 865 2971 Explicit
887 2887 969 2952 liber
992 2885 1100 2972 Ouidij

88 2973 127 3038 de
146 2975 252 3040 tribus
267 2976 385 3059 puellis
406 2976 410 3059 Ι
430 2975 550 3059 incipit
568 2975 651 3039 liber
666 2973 773 3057 Ouidij
789 2973 960 3040 denuncio
980 2977 1100 3060 sagaci.

88 3098 130 3109 -
146 3062 186 3128 F
201 3065 250 3130 60:
269 3064 376 3147 Ouidij
395 3065 528 3130 nasonis
547 3062 771 3128 Sulmonensis
790 3065 886 3146 poete
906 3063 1077 3128 denuncio
1093 3061 1097 3150 Ι

88 3152 200 3235 sagaci
223 3150 321 3216 Liber
344 3152 467 3236 incipit.
490 3189 532 3200 -
556 3152 597 3216 F
620 3152 671 3216 10⁶
694 3151 713 3216 l.
736 3155 779 3216 17
783 3156 889 3216 -19:
913 3149 1021 3236 Ouidij
1045 3174 1100 3216 na·

88 3240 177 3303 sonis
203 3239 420 3305 sulmonensis
443 3243 539 3326 poete
563 3239 602 3304 de
626 3262 661 3305 sa
687 3239 737 3304 aci
757 3242 763 3318 Ι
782 3239 901 3304 nuncio
924 3238 1024 3304 Liber
1047 3262 1100 3304 ex·

87 3327 183 3411 plicit
203 3328 208 3412 Ι
228 3328 348 3413 Incipit
367 3329 493 3393 ouidius
511 3329 643 3394 nasonis
663 3260 863 3393 Pulmonens'
883 3327 921 3391 de
941 3330 947 3406 Ι
968 3324 1099 3413 (pulice.

88 3452 132 3461 —
150 3417 190 3481 F.
208 3423 279 3482 11⁰:
301 3416 436 3502 Explcit
460 3418 530 3500 [sic]
555 3417 691 3482 Ouidius
715 3417 753 3480 de
772 3416 891 3500 pulice.
911 3452 958 3462 —
984 3416 1115 3477 Esar:

84 3503 277 3588 Pamphilus
292 3510 395 3592 pocta
419 3507 458 3575 de
479 3530 594 3576 amore
616 3506 766 3574 leliciter
784 3503 927 3586 incidit.
951 3533 993 3547 -
1013 3492 1141 3557 EQ*

129 3615 266 3662 comoediae
279 3623 433 3671 Horatianae
446 3631 507 3672 tres.
976 3603 1005 3648 ἢ*
