2430 3832
236 984 437 1055 Ganfradi
465 985 516 1054 da
540 984 681 1053 'tribus
710 983 834 1053 sociis
861 1000 1008 1053 uersus

464 1136 515 1202 ed.
538 1136 576 1201 B.
599 1135 788 1201 Haureau.

117 1277 196 1342 Tres
221 1299 331 1343 sumus
355 1300 513 1362 expensae
538 1277 618 1343 socii
640 1299 804 1363 pueroque
828 1299 984 1342 caremus.

117 1363 188 1429 Hoc
211 1387 270 1447 pro
295 1367 368 1451 lege
391 1368 520 1448 damus,
544 1365 630 1449 quod
653 1366 788 1448 prandia
810 1370 923 1430 nostra
946 1386 1097 1448 paremus

118 1451 278 1536 Tempore
302 1456 437 1537 quisque
461 1475 529 1520 suo.
574 1453 824 1517 Famulantibus
848 1456 923 1517 ante
946 1453 1071 1517 duobus

119 1539 246 1605 Tertius
270 1563 342 1605 ecce
367 1541 448 1625 dies,
471 1545 505 1606 et
528 1563 580 1606 me
603 1544 699 1605 uocat
721 1540 802 1605 hora
826 1541 989 1624 coquinae.

117 1627 232 1714 Ignem
256 1628 400 1694 facturus
423 1631 504 1694 flatu
527 1651 587 1713 pro
610 1628 744 1694 follibus
767 1631 851 1693 utor.
1157 1649 1170 1689 s

120 1716 232 1782 Poscit
256 1739 350 1802 opem
375 1717 519 1783 defectus
543 1739 659 1802 aquae3
682 1739 797 1781 manus
821 1716 938 1800 arripit
961 1738 1086 1801 urnam,

117 1805 203 1869 Fons
227 1806 363 1889 petitur,
387 1806 472 1890 lapis
496 1805 663 1889 obiicitur,
685 1827 742 1889 pes
765 1805 902 1887 labitur,
924 1827 1008 1869 urna

117 1892 303 1979 Frangitur.
347 1895 433 1960 Ecce
458 1894 576 1979 duplex
599 1893 708 1958 damni
729 1896 923 1978 prouentus:
948 1897 981 1958 et
1004 1914 1103 1959 urnae

116 1982 163 2047 Et
185 1982 329 2048 defectus
354 2005 464 2068 aquae.
498 1982 582 2059 Quid
602 2003 698 2068 agam
722 1982 798 2047 dum
821 1983 954 2048 consulo
977 1986 1131 2065 mentem,

117 2068 209 2136 Intro
233 2071 348 2136 forum.
395 2070 493 2137 Sedet
515 2094 599 2136 unus
623 2071 670 2135 ibi
693 2070 911 2137 circumdatus
935 2071 1034 2137 urnis.
1144 2091 1170 2130 10

118 2158 315 2242 Assumptus
340 2160 416 2224 dum
438 2164 531 2225 nerto
556 2182 667 2243 manu,
690 2160 767 2224 dum
789 2163 927 2243 pernoto
951 2159 1033 2243 uisu,

117 2246 178 2311 Ille
201 2248 314 2312 uidens
338 2249 468 2333 inopem
491 2247 617 2311 furtum
639 2247 735 2311 timet
758 2250 791 2311 et
815 2246 896 2310 mihi
919 2247 1027 2310 uerbis

118 2335 279 2419 Turpibus
303 2336 451 2402 insultat.
497 2332 658 2399 Confusus
682 2334 798 2398 abinde
821 2336 978 2399 reuertor.

118 2422 254 2488 lnuenio
279 2425 417 2508 socium,
439 2445 508 2487 rem
531 2443 644 2487 narro:
668 2420 839 2487 ‘Reuertar
862 2422 903 2487 ad
925 2421 1032 2485 illum'

118 2509 235 2594 Inquio
260 2511 371 2595 ‘tuque
396 2532 532 2595 sequens
554 2512 736 2595 proclames
758 2510 874 2575 funera
895 2509 1020 2593 patris?
1145 2527 1171 2568 15

190 2700 402 2771 Discrepantiae
421 2702 527 2757 codicis
546 2700 771 2757 vindobonensis
791 2706 855 2756 312:

190 2778 243 2826 al
259 2774 409 2846 expensae]
428 2775 544 2844 inpense
562 2803 596 2812 —
613 2789 666 2842 pro
680 2789 707 2827 a.
723 2777 739 2826 5
759 2773 886 2842 lepantur
903 2772 934 2827 aa·
952 2773 1007 2828 duo
1021 2789 1130 2829 uersas:

226 2846 242 2895 5
276 2842 394 2899 Sedulus
412 2842 552 2898 infirmam
572 2841 685 2912 stipulis
703 2845 732 2897 ot
749 2841 854 2898 uimine
873 2843 1015 2897 flammam

227 2918 258 2967 5⁸
275 2915 473 2982 Exhilarando‚
493 2913 541 2969 diu
560 2915 630 2968 flatu
648 2930 699 2983 pro
718 2912 834 2969 follibus
852 2915 925 2968 utor.
945 2944 978 2953 -

162 3055 167 3067 ¹
189 3001 216 3039 a.
238 2989 253 3037 7
273 2984 417 3056 obiicitur]
437 2985 559 3040 obicitur
577 3001 681 3054 -pro
703 3002 750 3040 au.
772 2991 812 3039 11.
833 2989 874 3040 12.
895 2990 927 3038 13
952 2986 1081 3055 leputatur
1102 2985 1132 3040 lei

136 3071 185 3109 usn
204 3072 251 3110 ue:

117 3072 135 3124 q
187 3072 203 3125 q
228 3131 259 3180 11
292 3126 374 3181 Hunc
393 3143 446 3198 ego
465 3126 532 3181 dum
551 3125 654 3194 lustro,
673 3125 778 3181 furtum
797 3125 879 3180 timet
898 3126 1015 3180 etmihi
1034 3126 1130 3195 ‘longe

228 3203 260 3251 12
293 3197 383 3252 Vade’
403 3197 490 3252 refert
506 3197 584 3266 ‘quia
596 3199 625 3252 te
640 3197 723 3267 cupio
737 3195 826 3266 magis
846 3213 906 3251 essa
920 3197 1082 3252 remotum’.
1097 3227 1130 3236 -

227 3273 260 3321 13
295 3267 341 3323 Sic
359 3268 444 3323 miser
462 3269 582 3323 abscedo
600 3267 706 3322 tacitus
725 3267 857 3338 solusque
876 3267 979 3324 doloris

227 3344 276 3393 13⁸
293 3339 428 3395 Vindicat
447 3338 559 3394 obiecta
577 3337 716 3405 stimulus,
735 3336 911 3409 gemitusque
931 3338 1028 3405 coegit

226 3407 275 3462 18b
293 3410 325 3463 In
344 3410 475 3466 lacrimas
495 3411 593 3467 oculos
610 3410 701 3468 ,tum
710 3410 825 3479 pro‘nru
831 3422 975 3460 recenseo
985 3417 1112 3453 mem
1125 3422 1162 3433 -

186 3497 212 3534 u.
233 3485 267 3534 15
286 3481 400 3557 lnquio]
420 3483 521 3556 Inquit
539 3515 576 3526 —
595 3500 650 3541 aa.
666 3488 717 3537 lt.
732 3485 785 3535 11.
800 3483 841 3532 tn
861 3473 1080 3535 &proportant
