2430 3832
419 933 487 1002 ‘De
514 933 649 1001 tribus
677 933 837 1014 puellis.

123 1103 216 1168 Ibam
238 1103 323 1169 forle
347 1102 402 1167 uis
425 1103 566 1186 quadam
587 1104 680 1169 nullo
704 1103 890 1186 eomitante,

168 1191 263 1257 Solus
287 1212 380 1256 amor
402 1212 542 1275 meeum,
566 1192 621 1274 qui
645 1192 730 1256 solei
753 1212 833 1274 esse,
855 1191 930 1255 fuit.

123 1278 273 1364 Dumque
296 1301 386 1345 meos
409 1301 522 1344 uersus
546 1279 630 1345 facio
655 1279 859 1364 meditorque
882 1279 1035 1364 puellam,

168 1367 227 1434 Oui
251 1389 384 1451 possum
407 1389 520 1432 uersus
543 1369 674 1432 mittere
698 1390 780 1452 quos
802 1368 902 1451 faeie,

122 1455 206 1522 Eleee
228 1457 343 1540 procul
366 1455 461 1520 uideo
485 1456 579 1538 quasi
602 1460 668 1520 tres
691 1456 853 1540 nymphas
876 1456 1055 1541 uenientes,

166 1544 195 1608 Ε
219 1545 336 1628 quibus
359 1547 396 1609 ul
419 1544 552 1608 memini
575 1543 705 1629 longior
727 1566 792 1608 una
814 1544 885 1608 fuit.
1137 1558 1140 1563 ’

125 1632 215 1698 Haeo
238 1633 379 1696 medium
404 1633 520 1696 sortita
543 1632 650 1697 locum
675 1632 827 1697 currebat
849 1637 883 1698 el
906 1654 1018 1697 omnes

168 1720 350 1787 Currebanl
372 1721 510 1806 pariter,
533 1720 588 1784 sed
612 1723 722 1785 lamen
744 1720 803 1784 illa
826 1721 940 1805 magis,

122 1809 168 1874 Mt
192 1809 220 1874 si
242 1809 327 1874 forte
350 1831 448 1873 manu
472 1809 614 1874 iaculum
638 1809 830 1892 sumpsisset
853 1813 886 1873 et
909 1831 1028 1894 areum,

166 1898 230 1963 Illa
252 1898 334 1962 mihi
358 1900 443 1962 eerle
465 1897 538 1962 uisa
560 1895 668 1962 Diana
689 1897 783 1962 forei.
1151 1919 1176 1958 ιο

126 1985 179 2052 sio
202 1987 321 2052 etenim
346 1987 430 2051 solet
452 1986 518 2051 isia
540 1986 625 2050 feras
649 1985 775 2070 agitare
797 2009 855 2071 per
878 1988 964 2053 allas

168 2074 275 2141 Siluas
299 2097 434 2160 eumque
458 2075 523 2140 suis
547 2096 676 2140 currere
699 2077 892 2161 uirginibus.

122 2163 213 2228 Tune
236 2185 297 2248 ego
320 2185 416 2228 nosse
439 2164 552 2228 uolens
576 2163 699 2228 formas
723 2168 756 2227 el
779 2185 898 2229 nomen
921 2184 1032 2228 earum

166 2251 276 2335 Inoepi
299 2251 409 2315 subita
432 2272 558 2315 currere
581 2254 658 2335 posi·
681 2252 779 2315 solea.
879 2324 883 2329 p

122 2339 169 2405 Vt
191 2361 268 2405 uero
291 2339 424 2425 propius
449 2339 602 2403 accedens
626 2360 787 2422 quemque
809 2338 934 2422 notaui,
1149 2357 1174 2399 15

167 2427 249 2493 Cum
271 2428 338 2492 uidi
360 2427 472 2490 uultus
496 2425 551 2510 qui
573 2427 699 2491 latuere
721 2426 822 2509 prius,

123 2515 216 2582 Sensi
237 2537 304 2580 non
325 2514 501 2599 nymphas,
526 2515 581 2579 sed
604 2515 755 2599 pulchras
779 2537 850 2580 esse
873 2516 1008 2599 puellas,

168 2604 284 2680 Quales
309 2624 485 2686 aequoreas
508 2603 565 2667 uix
587 2625 661 2668 reor
684 2624 754 2667 esse
778 2604 869 2688 deas3

192 2830 234 2885 De
247 2831 336 2886 tribus
350 2830 466 2903 puellis]
478 2829 571 2902 Ouidij
586 2831 699 2886 nasonis
710 2830 901 2886 Sulmonensis
916 2834 1000 2902 poete
1017 2833 1021 2905 l
1037 2833 1134 2888 Trium

122 2900 278 2972 puellarum
302 2902 375 2956 liber
397 2899 499 2972 incipit
516 2902 543 2955 H
580 2900 674 2971 Ouidii
699 2901 813 2957 nasonis
837 2902 1028 2960 Sulmonensis
1051 2906 1134 2973 poele

122 2971 209 3027 trium
222 2972 348 3044 puelllau
361 2971 444 3027 Liber
457 2973 557 3040 incipit
565 2973 595 3026 M
613 2975 662 3028 hoo
676 2974 732 3028 loeo
746 2974 857 3028 titulum
870 2989 926 3028 noro
935 2975 1050 3044 praebet
1063 2975 1085 3030 P
1097 3005 1134 3016 -

194 3048 210 3098 1
224 3042 273 3098 uis
286 3041 420 3114 quadam]
435 3042 511 3097 viam
526 3044 668 3111 quandam
676 3043 706 3097 M
720 3074 753 3084 -
768 3049 786 3098 5
800 3045 938 3114 nymphus
947 3045 989 3100 M=
1002 3043 1135 3115 nimphas

121 3115 176 3170 ΗΡ
193 3146 227 3157 -
247 3119 265 3169 7
279 3113 419 3182 currebat]
435 3114 584 3169 currebaulz
596 3115 626 3168 M
645 3145 678 3154 -
697 3114 739 3195 el]
756 3114 792 3167 ed
805 3113 832 3167 H
848 3146 885 3156 —
902 3121 921 3171 9
935 3116 983 3240 Ep]
999 3114 1055 3170 Sed
1068 3117 1136 3171 libri

121 3217 156 3226 -
170 3193 207 3242 10
217 3184 287 3240 mihi
301 3186 376 3241 oerle
384 3185 448 3240 uisa
457 3185 498 3239 M:
511 3186 585 3239 cerie
595 3185 656 3240 visa
664 3183 736 3237 mih1
747 3183 799 3238 ΗΡ
809 3215 842 3225 -
852 3185 955 3257 Diana]
985 3203 1059 3255 ysne
1068 3187 1135 3242 loiri

122 3287 156 3296 -
174 3257 260 3327 sorel]
283 3255 339 3310 fuit
356 3257 423 3310 libri
440 3287 473 3296 -
493 3261 527 3311 11
546 3254 614 3328 isla]
633 3258 665 3310 in
683 3256 763 3336 libris
781 3257 909 3338 omissum
927 3274 961 3312 en·
978 3258 1134 3312 coneum

122 3327 580 3453 olo‘ulzuuuuuu
593 3324 899 3465 nouum
914 3326 1143 3461 ‘m
