2430 3832
510 172 626 227 CAPVT
644 173 665 227 I.
1054 176 1095 238 21

82 335 173 400 Inter
196 336 256 401 hos
280 338 347 400 tres
370 333 403 398 H
426 338 460 399 et
481 334 517 400 M
541 339 636 400 tanta
659 335 820 400 affinitate
844 336 1032 420 cohaerent,
1059 341 1098 402 ut

81 425 248 509 paulisper
272 424 505 509 dubitauerim‚
526 446 605 488 num
629 446 668 489 ex
692 424 802 488 eadem
825 424 1006 508 prodierint
1024 424 1096 490 cffi-

83 513 155 576 cina
184 518 216 577 et
238 512 272 577 H
295 513 472 578 correctior
503 513 547 578 sit
570 512 670 577 editio
699 534 737 577 ex
760 512 795 575 M
818 514 968 597 repetita.
1014 510 1096 579 Con·

83 603 228 666 sentiunt
251 602 337 667 enim
361 601 510 667 omnibus
534 601 601 665 fere
624 602 717 688 locis,
738 623 892 686 persaepe
913 606 1025 667 contra
1049 625 1097 668 ee·

82 693 168 754 toros
187 690 288 755 libros
308 712 428 773 omncs,
446 691 538 754 uelut
557 691 591 754 in
610 714 639 754 u.
659 692 716 755 91:
740 711 844 776 verus,
867 692 924 757 98:
942 690 998 776 Et,
1018 692 1094 757 126:

81 777 178 861 fidus,
203 779 280 843 127:
304 779 442 862 factum,
466 779 543 843 186:
572 775 696 862 Audes,
719 779 799 844 211:
821 782 857 844 tu
881 801 993 865 causa,
1016 781 1096 845 277:

83 866 213 949 ligatus.
254 863 302 932 At
323 870 434 931 tamen
452 866 662 932 inueniuntur
686 867 920 951 discrepantiae
940 872 973 932 et
990 869 1026 932 in
1045 869 1098 933 ad·

81 954 205 1018 notatis
228 977 441 1038 personarum
464 955 589 1020 uicibus
613 956 647 1020 in
669 978 722 1021 uu.
743 957 814 1021 104.
842 958 913 1022 150.
939 957 1012 1022 182.
1031 957 1096 1022 209

82 1046 116 1107 et
140 1043 315 1108 lectionum
344 1066 371 1108 e.
394 1065 420 1108 c.
442 1043 477 1108 in
499 1066 530 1108 u.
553 1045 610 1109 22:
633 1066 685 1109 me
707 1044 810 1128 videt,
834 1046 929 1129 [302]
959 1046 1036 1110 142:
1060 1043 1095 1109 si

80 1132 177 1212 bene,
197 1131 275 1198 235:
300 1132 397 1197 modo
416 1132 520 1218 facta,
538 1133 618 1198 239:
637 1133 708 1216 ille,
727 1132 807 1198 252:
826 1134 894 1218 qui,
912 1132 991 1198 255:
1011 1156 1097 1198 ama-

81 1220 141 1305 uit,
158 1221 238 1286 274:
257 1219 398 1306 Nobilis,
416 1222 494 1287 281:
515 1242 622 1307 rogas,
635 1259 680 1268 -
693 1221 742 1287 ita
755 1225 792 1285 ut
806 1222 886 1286 mihi
905 1243 1097 1306 persuasum

47 1378 49 1382 ,
82 1309 126 1373 sit
154 1310 215 1375 hos
244 1310 524 1394 libros.sumpt0s
553 1332 621 1375 esse
645 1310 851 1375 ecodicibus
879 1310 1005 1376 duobus
1030 1311 1097 1395 qui·

83 1397 170 1482 dem,
189 1398 245 1462 sed
263 1399 403 1464 maxime
422 1399 508 1463 inter
527 1421 560 1464 sc
580 1399 769 1465 coniunctis.
801 1396 904 1464 Nulla
917 1421 995 1464 uero
1010 1399 1097 1464 docti

82 1485 147 1549 uiri
175 1509 252 1551 cura
275 1509 314 1551 ex
336 1487 416 1571 ipsis
444 1487 538 1552 libris
567 1510 665 1552 manu
694 1487 823 1572 scriptis
851 1484 912 1554 has
940 1488 1096 1553 editiones

83 1572 186 1638 factas
216 1596 286 1639 esse
314 1597 374 1659 pro
402 1579 491 1641 certo
519 1575 634 1641 habeo.
678 1574 724 1639 Et
750 1576 999 1661 hos‘optimum
1027 1597 1097 1641 esse

82 1659 206 1726 fontem
237 1663 417 1727 arbitratus
442 1663 740 1747 quamplurimum
765 1667 894 1728 secutus
925 1686 1012 1748 snm,
1037 1684 1097 1728 nec

82 1751 192 1814 tamen
216 1750 356 1835 eligendi
380 1752 541 1816 rationem
566 1772 696 1815 omnem
720 1751 832 1815 abieci.

151 1838 191 1903 In
214 1842 407 1924 apparatum
431 1839 579 1904 criticum
603 1860 714 1904 omnes
733 1839 842 1924 recepi
861 1838 1098 1922 discrepantias

83 1931 213 2011 praeter
241 1950 296 1993 eas
325 1949 407 2011 quae
436 1928 579 1993 usitatae
607 1930 685 1993 sunt
710 1928 744 1992 in
771 1927 867 1992 huius
896 1927 968 1993 aeui
995 1928 1097 2013 libris,

83 2016 175 2081 uelut
193 2015 255 2081 ‘ae'
275 2020 308 2080 et
327 2014 390 2081 ‘oc'
410 2038 537 2101 semper
556 2015 781 2100 exprimuntur
799 2039 857 2102 per
877 2015 928 2101 ‘e'‚
947 2015 987 2082 ‘c'
1006 2020 1039 2081 et
1057 2016 1095 2082 ‘t'

82 2108 311 2189 permutantur
337 2104 497 2189 imprimis
527 2108 603 2170 ante
628 2103 672 2169 ‘i'
694 2106 729 2170 in
752 2106 846 2172 libris
869 2106 1033 2190 omnibus,
1061 2106 1096 2170 in

82 2216 179 2258 manu
204 2195 333 2278 scriptis
358 2216 459 2278 paene
479 2216 606 2280 semper
628 2216 688 2279 pro
709 2193 822 2281 ‘mihi’,
845 2193 950 2259 ‘nihil'
973 2195 1096 2281 legitur

83 2281 214 2368 ‘michi’,
237 2280 370 2366 michir,
396 2305 456 2367 pro
481 2281 630 2369 ‘uulpes'‚
657 2281 793 2368 ‘lingua'
819 2282 953 2367 ‘wlpes',
975 2282 1094 2367 ‘ligwa'

82 2371 173 2439 talia.
208 2371 371 2456 Equidem
386 2394 513 2456 semper
528 2372 645 2456 scripsi
660 2370 704 2434 ‘u'
725 2374 758 2435 et
777 2370 841 2454 ‘V’,
860 2393 933 2436 cum
952 2372 987 2435 in
1000 2371 1094 2436 libris

79 2460 115 2523 in
137 2460 298 2545 principio
321 2461 555 2525 uocabulorum
580 2462 728 2524 occurrat
751 2457 805 2543 Ψ,
827 2458 862 2523 in
884 2459 1095 2525 interioribus

81 2546 135 2633 ἤι’,
149 2549 197 2613 ita
210 2553 249 2614 ut
268 2549 424 2632 scriptum
440 2548 484 2612 sit
499 2545 567 2630 ‘vt',
585 2546 675 2632 ‘vbi’‚
693 2545 825 2612 ‘viuere'
841 2547 971 2612 similia.
1002 2546 1095 2613 (tom-

80 2637 198 2721 pendia
220 2637 410 2721 plerumque
433 2636 563 2701 resolui.

146 2724 361 2790 Personarum
380 2726 467 2790 uices
486 2724 521 2789 in
541 2729 696 2810 quattuor
714 2724 900 2790 indicantur
919 2725 1011 2790 libris
1035 2747 1094 2810 per

80 2818 174 2877 notas
198 2813 340 2899 margini
363 2814 558 2897 adscriptas:
582 2815 615 2879 in
638 2811 789 2879 BHMV.

146 2901 344 2987 Appendicis
367 2903 440 2968 loco
463 2924 583 2988 ponere
602 2902 683 2967 mihi
702 2903 800 2968 liceat
824 2924 878 2968 eos
901 2924 1013 2968 uersus
1037 2903 1095 2987 qui

80 2990 113 3054 in
143 2990 174 3055 V
207 2991 361 3076 leguntur
392 2992 481 3056 intra
509 2992 779 3075 subscriptionem
808 2994 841 3055 et
870 3013 1000 3056 uersum
1027 2991 1091 3056 297

80 3101 152 3144 mco
176 3079 306 3164 quidem
330 3080 530 3146 arbitratus
552 3079 665 3145 fabula
685 3081 796 3164 alieni,
821 3101 901 3163 quos
921 3079 1093 3144 emendare

81 3190 119 3232 su
144 3168 261 3234 arsedi:

120 3191 252 3322 pMando
276 3256 338 3320 tibi
363 3278 436 3341 spes
460 3261 550 3321 certa
573 3256 654 3321 mihi
677 3260 713 3321 tu
737 3256 833 3321 corde
856 3259 987 3339 recepta

133 3343 229 3410 Nunc
253 3366 408 3431 germana
430 3345 510 3410 fides
534 3346 643 3410 animo
667 3347 831 3429 verboque
855 3345 993 3409 salutem

101 3432 255 3499 lMando
280 3455 355 3518 spes
378 3436 468 3498 certa
490 3433 571 3498 mihi
594 3436 632 3498 tu
653 3432 724 3498 fore
747 3433 848 3498 corde
866 3435 1010 3509 recessa

134 3520 206 3598 Qua
226 3543 365 3607 presens
390 3522 529 3591 matiam
549 3544 632 3590 uere
652 3525 692 3587 te
714 3520 807 3588 saure
825 3532 997 3580 semaam
